5100 6625
2156 773 2263 840 vll

559 959 769 1042 posuit
811 954 1133 1022 Arnobius
1172 954 1251 1019 111
1287 954 1396 1034 38)
1435 952 1504 1020 C.
1548 952 1928 1038 Calpurnius
1971 953 2149 1036 Piso,
2187 954 2255 1020 L.
2300 953 2515 1020 Aelius
2558 953 2745 1032 Stilo,
2795 953 2861 1020 L.
2896 951 3223 1031 Maniliae,
3266 951 3540 1018 Granius
3579 947 3860 1029 Flaccus,

558 1064 641 1130 M.
680 1061 1015 1130 Terentius
1051 1060 1276 1140 Varro,
1316 1060 1738 1127 recentiorum
1781 1059 2161 1127 Theodorus
2191 1060 2544 1127 Mommsen
2591 1058 2960 1142 (Unterital.
2990 1059 3176 1127 Dial.
3211 1080 3270 1143 p.
3302 1060 3467 1139 342),
3512 1056 3860 1124 Guilelmus

474 1223 478 1227 .
559 1169 830 1236 Corssen
867 1168 957 1244 (in
985 1167 1221 1233 Kuhnii
1258 1166 1476 1234 annal.
1508 1166 1592 1231 lx
1622 1167 1739 1232 160
1757 1169 1945 1251 sqq.),
1990 1166 2337 1233 Guilelmus
2370 1167 2620 1234 Deecke
2654 1167 2928 1250 (Etrusk.
2964 1166 3214 1233 Forsch.
3250 1165 3330 1232 1v
3360 1186 3422 1249 p.
3451 1166 3524 1230 17
3561 1164 3709 1232 adn.
3737 1163 3862 1246 11),

561 1275 875 1342 Henricus
927 1274 1165 1340 Jordan
1227 1271 1336 1355 (ad
1392 1273 1650 1339 Prelleri
1703 1273 1906 1358 myth.
1952 1272 2143 1340 Rom.
2202 1273 2228 1339 Ι
2285 1294 2346 1357 p.
2396 1274 2513 1339 102
2565 1274 2714 1339 adn.
2753 1273 2839 1354 2).
2936 1274 3141 1358 qualis
3195 1292 3346 1339 vero
3406 1273 3567 1337 haec
3623 1289 3857 1338 novem

560 1385 828 1449 deorum
887 1381 1155 1447 societas
1207 1385 1371 1446 esset
1412 1382 1719 1466 quoniam
1767 1380 2217 1463 ignorabatur,
2279 1400 2426 1446 cum
2470 1379 2773 1446 omnibus
2812 1380 2924 1463 qui
2969 1383 3030 1445 in
3078 1380 3428 1445 vicinorum
3473 1377 3859 1462 populorum

562 1489 970 1571 religionibus
1024 1488 1442 1554 occurrebant
1491 1488 1589 1554 dis
1638 1488 1901 1554 novenis
1953 1487 2331 1553 novensides
2382 1490 2958 1570 comparaverunt,
3019 1487 3159 1565 alii,
3227 1490 3299 1551 ut
3341 1485 3557 1551 Aelius
3599 1485 3757 1551 Stilo
3800 1488 3864 1550 et

563 1596 836 1662 Granius
858 1595 1136 1674 Flaccus,
1179 1595 1262 1662 ad
1295 1594 1569 1661 Graecos
1609 1594 2016 1677 respicientes
2057 1599 2120 1659 et
2162 1595 2541 1660 novensides
2572 1593 2789 1684 Musas
2831 1613 2965 1659 esse
3001 1593 3304 1671 dicenteS,
3342 1592 3443 1657 alii
3477 1592 3562 1657 ab
3586 1592 3864 1657 Etruscis

564 1708 676 1769 aut
719 1702 968 1768 Sabinis
1011 1703 1402 1779 derivantes;
1463 1701 1606 1768 Piso
1649 1701 1859 1780 enim,
1912 1720 2103 1785 quem
2149 1706 2211 1766 et
2260 1701 2462 1767 Varro
2506 1700 2614 1782 (de
2655 1701 2694 1766 l.
2739 1701 2778 1766 l.
2823 1701 2877 1764 V
2915 1701 3022 1782 74)
3065 1701 3269 1784 sequi·
3290 1699 3539 1764 videtur
3580 1704 3642 1765 et
3686 1697 3861 1764 Hen-

563 1811 728 1875 ricus
756 1808 979 1875 Nissen
1011 1808 1259 1892 (Pomp.
1282 1808 1465 1876 stud.
1494 1828 1557 1891 p.
1581 1808 1747 1887 335),
1793 1808 1882 1874 ad
1923 1808 2132 1874 nescio
2170 1827 2332 1892 quos
2372 1827 2604 1873 novem
2646 1808 2799 1873 deos
2834 1807 3008 1891 apud
3038 1806 3334 1871 Trebiam
3369 1805 3507 1887 (aut
3533 1804 3860 1887 Treblam)

562 1917 948 1983 Sabinorum
981 1917 1362 1982 constitutos
1394 1916 1782 1999 provocavit,
1826 1914 2121 1982 Manilius
2162 1919 2376 1982 autem
2409 1935 2443 1980 e
2469 1914 2826 1981 Tuscorum
2873 1915 3163 1981 doctrina
3207 1914 3504 1995 fulgurali
3544 1913 3862 1980 arcessivit

563 2042 796 2092 novem
852 2023 1039 2101 deoS,
1098 2023 1331 2107 quibus
1374 2022 1654 2106 Iuppiter
1709 2022 1988 2089 fulminis
2042 2024 2141 2088 sui
2198 2023 2466 2089 iaciendi
2522 2025 2904 2106 potestatem
2947 2022 3293 2088 concedere
3338 2021 3717 2086 credebatur
3759 2020 3865 2104 (cf.

564 2132 723 2198 Plin.
765 2149 827 2195 n.
872 2130 936 2196 h.
979 2129 1034 2195 11
1077 2127 1238 2212 138).
1328 2149 1496 2212 quae
1537 2130 1754 2195 omnia
1799 2130 1861 2195 in
1903 2130 2108 2196 solam
2152 2131 2398 2196 numeri
2447 2129 2806 2206 novenarii,
2869 2147 3059 2213 quem
3107 2129 3400 2194 vocabuli
3442 2129 3866 2195 conformatio

565 2239 844 2303 indicare
890 2237 1243 2316 videbatur,
1288 2236 1770 2320 explicationem
1816 2240 2173 2319 excogitata
2219 2256 2353 2303 esse
2393 2240 2590 2321 patet.
2684 2236 2796 2302 sed
2841 2235 2984 2301 vide
3029 2236 3356 2320 quomodo
3399 2236 3555 2301 illud
3596 2234 3868 2300 nominis

565 2345 988 2429 veriloquium
1031 2344 1375 2410 claudicet:
1432 2344 1792 2426 comparari
1836 2344 2008 2410 enim
2048 2344 2256 2409 solent
2296 2364 2488 2410 voces
2529 2345 2749 2427 quales
2793 2347 2941 2409 sunt
2974 2364 3256 2429 praeses,
3300 2363 3492 2426 reses,
3535 2343 3739 2419 deses;
3799 2346 3868 2407 at

566 2456 663 2519 est
705 2470 954 2535 praeses
992 2452 1100 2536 qui
1144 2450 1497 2534 praesidet,
1554 2470 1724 2517 reses
1768 2452 1876 2535 qui
1919 2452 2185 2530 residet,
2240 2451 2423 2517 deses
2469 2452 2579 2536 qui
2621 2451 2898 2533 desidet,
2954 2470 3301 2517 novem-see
3341 2469 3494 2516 vero
3536 2448 3866 2533 quomodo

568 2561 618 2623 is
661 2558 783 2624 dici
825 2559 1056 2641 possit,
1112 2559 1222 2642 qui
1269 2577 1436 2623 unus
1477 2577 1558 2624 ex
1600 2577 1830 2623 novem
1874 2558 2308 2624 adsessoribus
2352 2558 2415 2624 in
2459 2559 2722 2625 consilio
2763 2558 2975 2636 sedet,
3032 2577 3150 2639 ego
3192 2577 3297 2623 me
3339 2576 3466 2622 non
3508 2557 3868 2638 intellegere

568 2665 793 2731 fateor.
878 2685 918 2731 a
960 2666 1244 2732 novitate
1283 2670 1500 2731 autem
1546 2665 1924 2731 novensides
1964 2667 2347 2734 derivandos
2387 2687 2557 2745 esse,
2616 2665 2788 2749 quod
2836 2665 2998 2731 inter
3038 2669 3283 2730 veteres
3324 2668 3387 2730 et
3429 2664 3499 2729 L.
3546 2661 3762 2729 Cincio
3805 2666 3869 2728 et

567 2771 906 2838 Cornificio
959 2771 1231 2855 placuit,
1283 2772 1428 2837 ideo
1488 2773 1868 2838 recentiores
1922 2773 2208 2857 accipere
2268 2774 2646 2851 noluerunt,
2705 2773 2858 2857 quia
2913 2773 2977 2837 in
3031 2772 3154 2837 hac
3196 2771 3612 2853 originatione
3654 2770 3866 2835 media

566 2880 737 2945 vocis
782 2878 1027 2962 syllaba
1069 2879 1469 2945 novensides
1508 2879 1929 2962 explicatione
1970 2898 2188 2945 carere
2233 2900 2445 2965 neque
2489 2880 2661 2944 unde
2703 2879 2937 2945 nasalis
2980 2878 3340 2962 provenerit
3383 2877 3651 2961 perspici
3695 2875 3868 2941 vide·

568 2986 796 3066 batur,
854 2985 942 3050 ita
987 2990 1057 3051 ut
1100 2985 1471 3052 Franciscus
1512 2986 1857 3052 Buecheler
1900 2986 2129 3062 (Lexic.
2173 2986 2308 3053 Ital.
2356 3007 2418 3071 p.
2461 2986 2675 3053 XVIIL
2715 2983 2917 3068 XXV)
2966 2985 3155 3050 huius
3204 2984 3529 3067 veriloquii
3573 2983 3869 3049 defensor

515 3175 525 3185 ⁸
568 3092 900 3158 Romanos
944 3093 1214 3158 formam
1258 3092 1331 3158 di
1366 3113 1524 3159 nove
1567 3094 1709 3158 sede
1749 3094 1812 3157 in
1847 3093 2101 3159 Umbris
2132 3093 2483 3177 Marsisque
2525 3098 2964 3162 occurrentem
3013 3097 3144 3157 tam
3187 3111 3415 3158 vocum
3460 3090 3869 3156 similitudine

570 3218 768 3282 quam
806 3217 1132 3264 sacrorum
1178 3199 1527 3282 patriorum
1572 3200 1815 3266 incuria
1850 3200 2148 3284 deceptos
2192 3203 2252 3265 in
2294 3201 2366 3266 di
2392 3200 2761 3267 novensides
2794 3201 3146 3283 corrupisse
3165 3200 3429 3290 ,diceret
3510 3198 3621 3263 sed
3652 3199 3870 3264 omnia

569 3306 888 3391 expedivit
927 3305 1248 3372 Michaelis
1290 3304 1474 3372 Breal
1520 3306 1915 3389 Francogalli
1956 3328 2228 3375 acumen
2274 3307 2427 3393 (Les
2467 3309 2663 3375 tables
2704 3306 3068 3394 Euyubines
3109 3328 3168 3391 p.
3220 3308 3381 3389 188),
3429 3306 3536 3391 qui
3577 3328 3873 3375 neven-ses

570 3414 873 3496 intellegit
914 3433 1262 3494 nov-enses,
1300 3414 1423 3479 hoc
1466 3418 1559 3479 est
1603 3415 1712 3498 qui
1741 3433 1949 3498 nuper
1991 3416 2240 3493 insedit,
2286 3417 2596 3501 rediitque
2639 3416 2724 3481 ad
2764 3416 2832 3481 L.
2874 3413 3067 3481 Cincii
3111 3415 3589 3498 explicationem
3635 3435 3871 3481 noven-

569 3522 777 3587 sidum
822 3522 1079 3587 nomine
1122 3522 1387 3586 numina
1429 3523 1760 3604 peregrina
1796 3522 2075 3591 Romam
2119 3526 2377 3606 recepta
2421 3525 2704 3588 novitate
2746 3543 2825 3588 ex
2866 3524 2999 3606 ipsa
3041 3522 3364 3605 appellata
3408 3541 3546 3587 esse
3592 3540 3873 3604 pronun-

572 3630 790 3694 tiantis
835 3626 1104 3710 (Arnob.
1149 3627 1229 3693 111
1272 3626 1399 3710 38).

819 3735 1003 3800 Hanc
1063 3735 1651 3818 interpretationem
1711 3737 1897 3801 unice
1955 3755 2174 3802 veram
2236 3755 2374 3802 esse
2429 3737 2718 3819 sequitur
2760 3756 2838 3802 ex
2880 3736 3100 3801 intima
3144 3735 3559 3801 novensid'um
3605 3736 3870 3802 deorum

574 3860 719 3904 cum
785 3840 1168 3921 indigetibus
1223 3841 1704 3920 coniunctione,
1774 3861 1971 3925 quam
2039 3847 2291 3926 praeter
2350 3842 2750 3908 Joachimum
2807 3842 3181 3926 Marquardt
3201 3840 3249 3924 ¹)
3313 3842 3645 3926 plerosque
3704 3843 3873 3908 viros

573 3948 799 4013 doctos
833 3947 1064 4027 fugisse
1095 3948 1230 4012 iure
1265 3947 1538 4012 mireris:
1585 3949 1911 4014 intercedit
1946 3950 2115 4015 enim
2153 3950 2316 4015 inter
2359 3949 2668 4032 indigetes
2712 3950 3218 4043 novensidesque
3264 3950 3416 4014 deos
3458 3968 3535 4014 ea
3582 3948 3758 4027 ratio,
3802 3952 3874 4015 ut

572 4054 734 4119 haec
785 4054 1049 4119 deorum
1109 4056 1429 4119 consortia
1488 4054 1754 4120 invicem
1820 4075 1958 4122 sese
2022 4056 2399 4135 excludant,
2464 4057 2805 4122 coniuncta
2873 4075 3022 4124 vero
3084 4057 3449 4121 universum
3507 4056 3769 4120 deorum
3832 4074 3874 4121 a

572 4160 882 4226 Romanis
923 4160 1171 4244 publice
1232 4160 1547 4226 cultorum
1607 4162 1828 4227 orbem
1887 4163 2373 4246 amplectantur.
2456 4165 2639 4229 cuius
2689 4165 2775 4228 rei
2834 4163 3398 4229 luculentissimum
3441 4162 3870 4227 testimonium

573 4272 669 4330 est
708 4285 968 4332 carmen
1014 4266 1410 4350 precationis,
1454 4287 1583 4351 quo
1643 4268 1853 4334 Livius
1893 4269 2054 4352 (VIII
2096 4272 2157 4349 9,
2201 4269 2264 4351 6)
2310 4271 2373 4336 in
2429 4290 2647 4354 pugna
2689 4270 2773 4335 ad
2819 4269 3158 4335 Vesuvium
3210 4273 3489 4335 montem
3538 4269 3874 4335 commissa

573 4372 645 4438 P.
686 4373 946 4439 Decium
992 4393 1109 4456 pro
1153 4373 1356 4439 salute
1416 4379 1479 4439 et
1522 4375 1787 4441 victoria
1825 4376 2264 4444 Romanorum
2310 4397 2448 4444 sese
2491 4378 2819 4443 devovisse
2867 4380 3093 4443 auctor
3146 4380 3273 4443 aetz
3319 4376 3500 4457 Iane,
3559 4375 3875 4460 Iuppiter,

571 4482 760 4548 Mars
802 4487 1029 4565 pater,
1088 4481 1394 4562 Quirine,
1451 4479 1753 4560 Bellona,
1809 4481 2048 4564 Lares,
2106 4484 2243 4550 divi
2297 4486 2678 4567 novensiles,
2739 4484 2810 4550 di
2863 4484 3202 4567 indiqetes,
3266 4483 3403 4550 divi
3460 4502 3729 4565 quorum
3787 4486 3875 4545 est

569 4595 845 4671 potestas
904 4595 1263 4654 nostrorum
1318 4587 1745 4670 hostiumque,
1813 4590 2029 4673 diique
2089 4610 2331 4658 manes·
2436 4611 2566 4675 qua
2624 4592 2689 4657 in
2756 4591 3030 4657 formula
3096 4590 3389 4672 quamvis
3452 4588 3700 4669 singula
3761 4592 3874 4652 aut

572 4696 706 4779 ipse
747 4695 958 4761 Livius
1000 4698 1141 4771 aut¹
1168 4695 1220 4761 is
1271 4713 1462 4778 quem
1507 4694 1795 4760 adhibuit
1839 4702 2065 4763 auctor
2100 4698 2496 4780 neglegentia
2541 4701 2656 4763 aut
2700 4682 2977 4764 mutasse
3021 4701 3135 4763 aut
3171 4696 3451 4762 omisisse
3493 4696 3782 4760 videatur
3802 4692 3878 4777 θ),

819 4863 873 4929 1)
912 4861 1070 4917 Βότω.
1110 4860 1458 4918 &mames-w.
1494 4860 1576 4916 111
1613 4880 1665 4932 p.
1703 4861 1771 4917 36
1804 4881 1884 4933 eq.
1920 4864 2151 4919 eandem
2188 4865 2523 4920 sententiam
2572 4881 2630 4920 se
2679 4863 2940 4934 amplecti
2973 4862 3031 4918 in
3071 4865 3389 4917 transcursu
3425 4852 3669 4917 brevite'r
3706 4860 3875 4915 adno-

573 4949 838 5001 taverunt
872 4946 972 5002 Th.
1010 4947 1306 5003 Mommsen
1356 4949 1576 5003 Hister.
1623 4948 1886 5005 Zeitschr.
1941 4950 2016 5006 N.
2068 4951 2141 5006 F.
2189 4949 2424 5005 XXVIII
2461 4950 2584 5016 405,
2623 4938 2673 5005 Ἰ.
2712 4949 2780 5004 N.
2818 4949 3045 5021 Madvig
3094 4949 3241 5020 Ver-f.
3277 4948 3394 5005 und
3447 4948 3617 5004 Verw.
3651 4946 3707 5002 ἀ.
3739 4952 3875 5003 νόω.

576 5032 754 5089 Stant.
790 5032 844 5087 11
882 5032 1091 5098 588“,
1129 5034 1187 5089 P.
1228 5034 1293 5089 D.
1330 5033 1636 5104 chantepie
1671 5035 1742 5091 de
1779 5036 1836 5091 la
1871 5036 2137 5106 Sauesaye
2175 5037 2636 5109 Reliqimyesch.
2673 5036 2726 5092 11
2759 5037 2878 5094 202.

815 5119 872 5188 2)
908 5116 998 5173 Sic
1029 5117 1338 5190 indigetem
1369 5120 1841 5191 novensidumque
1869 5122 2095 5177 deorum
2131 5122 2379 5178 ordinem
2415 5122 2649 5178 invertit
2677 5127 2751 5190 et,
2788 5123 2846 5177 ni
2887 5123 3073 5179 omnia
3104 5123 3329 5189 fallunt,
3361 5125 3496 5179 ante
3528 5122 3657 5179 deos
3689 5140 3877 5179 manes

574 5205 812 5262 Telluris
859 5204 1197 5261 mentionem
1251 5205 1461 5271 omisit3
1508 5223 1640 5261 nam
1687 5225 1812 5263 cum
1862 5207 2073 5263 Telluri
2111 5213 2169 5264 et
2217 5208 2304 5264 dis
2352 5208 2607 5263 manibus
2645 5210 2868 5265 Decium
2905 5227 3022 5267 sese
3069 5211 3338 5266 devovere
3378 5209 3502 5265 finis
3538 5209 3872 5281 precationis

572 5293 627 5367 (θ
665 5294 727 5367 8;
765 5296 832 5352 cf.
870 5295 1003 5353 VIII
1042 5297 1093 5363 6,
1131 5298 1212 5353 10.
1246 5295 1297 5352 Χ
1332 5296 1418 5363 28,
1453 5295 1540 5367 13)
1581 5295 1943 5360 demonstret,
1991 5296 2182 5352 eadem
2232 5294 2463 5350 numina
2512 5293 2679 5349 etiam
2717 5295 2778 5350 in
2814 5295 2995 5351 fronte
3030 5296 3289 5352 carminis
3325 5297 3664 5353 nominanda
3700 5299 3878 5352 erant.
