5100 6625
800 2241 986 2340 Inter
1037 2273 1189 2339 iuris
1232 2274 1675 2340 Romanorum
1716 2272 2017 2355 pontificii
2071 2269 2387 2336 vocabula
2427 2271 2732 2351 obsoleta,
2769 2272 2838 2337 in
2879 2291 3155 2355 quorum
3205 2273 3719 2357 interpretatione
3761 2276 3911 2342 inde

609 2402 649 2448 a
689 2383 760 2448 L.
794 2384 953 2449 Aelii
984 2383 1243 2449 Stilonis
1272 2387 1335 2448 et
1370 2382 1453 2447 M.
1484 2381 1759 2447 Terentii
1797 2379 2095 2446 Varronis
2131 2380 2527 2463 temporibus
2559 2380 2739 2445 vario
2770 2398 3060 2445 successu
3091 2380 3568 2448 desudaverunt
3609 2383 3905 2467 philologi

610 2493 675 2555 et
713 2490 991 2556 Romani
1044 2494 1107 2555 et
1149 2494 1487 2569 nostrateS‚
1542 2489 1890 2571 indigetum
1934 2492 1999 2554 et
2040 2488 2461 2554 novensidum
2505 2487 2771 2553 deorum
2817 2489 3081 2554 nomina
3125 2489 3272 2555 olim
3324 2490 3735 2557 celeberrima
3777 2493 3904 2557 iam

608 2602 879 2662 exeunte
921 2597 1157 2662 liberae
1199 2596 1581 2680 reipublicae
1621 2600 1832 2661 aetate
1876 2599 2055 2661 tanta
2099 2594 2416 2660 oblivione
2460 2593 2694 2659 obruta
2736 2599 2938 2674 erant,
2981 2600 3054 2660 ut
3092 2597 3156 2662 in
3197 2597 3653 2664 diversissimas
3695 2604 3912 2683 partes

610 2705 1002 2772 discederent
1043 2704 1322 2770 virorum
1374 2704 1709 2770 doctorum
1752 2704 2105 2768 sententiae
2159 2703 2505 2785 omniaque
2561 2702 2628 2766 in
2670 2701 3045 2768 coniecturis
3085 2709 3479 2786 ponerentur
3530 2706 3910 2791 plerumque

610 2811 1029 2895 ineptissimis.
1120 2829 1252 2894 quo
1292 2811 1530 2876 factum
1577 2815 1691 2888 est,
1735 2814 1807 2875 ut
1844 2811 2267 2875 recentiorum
2310 2826 2591 2892 quoque,
2630 2809 2737 2892 qui
2782 2813 3066 2875 veterum
3112 2813 3676 2892 grammaticorum
3722 2812 3912 2878 αὖτο-

612 2915 1073 3001 σχεδιάσματα
1099 2937 1427 2983 recensere
1454 2923 1517 2983 et
1539 2919 1809 3001 propriis
1836 2917 2106 2982 inventis
2133 2934 2364 2997 augere
2392 2935 2588 2999 quam
2619 2918 2866 2982 sincera
2895 2918 3252 2982 testimonia
3281 2919 3498 2983 rimari
3524 2920 3912 2999 maluerunt,

611 3025 896 3109 plerique
951 3045 1083 3091 non
1139 3026 1343 3090 solum
1399 3025 1478 3091 de
1532 3024 1989 3106 significatione
2044 3022 2377 3088 nominum
2440 3024 2836 3102 deorumque
2893 3023 3101 3089 indole
3155 3025 3238 3090 ad
3303 3030 3548 3091 certum
3609 3027 3908 3092 iudicium

612 3134 947 3216 pervenire
976 3132 1333 3216 nequirent,
1371 3132 1481 3197 sed
1519 3132 1710 3196 etiam
1748 3131 2114 3211 ignorarent
2146 3130 2371 3213 quanti
2409 3131 2715 3196 momenti
2742 3131 2806 3195 in
2841 3130 3104 3214 pristina
3135 3131 3580 3199 Romanorum
3612 3135 3916 3217 religione

613 3239 737 3305 hoc
802 3240 1152 3323 indigetum
1212 3241 1761 3324 novensidumque
1815 3238 2079 3303 deorum
2138 3237 2473 3304 discrimen
2533 3238 2738 3303 fuerit.
2825 3257 3220 3323 quamquam
3261 3240 3452 3324 igitur
3492 3241 3752 3307 minime
3798 3243 3910 3308 de-

616 3349 891 3427 fuerunt,
933 3348 1041 3431 qui
1086 3348 1148 3413 in
1205 3347 1328 3413 hac
1374 3347 1750 3432 quaestione
1802 3345 2052 3429 singula
2108 3349 2276 3412 recte
2333 3346 2777 3429 perspicerent,
2834 3351 3050 3412 tamen
3095 3366 3227 3413 non
3269 3350 3662 3432 superfluum
3701 3351 3905 3415 visum

614 3459 711 3520 est
763 3460 963 3521 totam
1024 3456 1360 3520 materiam
1417 3456 1507 3520 ita
1562 3458 1929 3532 retractare,
1986 3458 2059 3517 ut
2120 3453 2446 3536 quomodo
2501 3451 2663 3518 haec
2713 3454 2975 3519 nomina
3030 3473 3177 3519 cum
3237 3455 3533 3521 universa
3588 3456 3908 3539 religionis

614 3563 950 3629 Romanae
989 3562 1251 3628 historia
1295 3560 1635 3628 vetustiore
1678 3562 2016 3626 coniuncta
2054 3560 2180 3624 sint
2222 3559 2516 3625 omnibus
2560 3564 2823 3644 pateret.

2247 3833 2285 3901 Ι

814 3966 1198 4049 Indigetes
1238 3970 1848 4056 novensidesque
1893 3971 1963 4035 di
2009 3970 2119 4055 qui
2162 3970 2392 4035 fuerint
2428 3969 2883 4053 quaerentibus
2919 3968 3066 4034 inde
3102 3968 3350 4036 videtur
3385 3970 3912 4054 proficiscendum

617 4091 775 4154 esse,
828 4076 1001 4157 quod
1057 4075 1235 4160 apud
1295 4078 1568 4159 optimos
1608 4081 1822 4159 testes,
1875 4077 2000 4144 hoc
2055 4082 2149 4143 est
2207 4076 2273 4141 in
2330 4076 2525 4141 titulis
2570 4076 2987 4158 dedicatoriis,
3040 4076 3105 4142 in
3150 4078 3434 4143 formulis
3473 4079 3687 4158 sacriS,
3742 4077 3917 4162 apud

618 4183 1067 4260 grammaticos
1120 4186 1468 4269 poetasque
1527 4186 1787 4251 scientia
1842 4185 2160 4268 religionis
2214 4185 2549 4250 Romanae
2605 4185 2898 4266 insigneS,
2954 4202 3302 4266 numquam
3364 4185 3537 4250 nude
3592 4189 3921 4269 ponuntur

616 4285 940 4371 Indiyetes
981 4293 1093 4353 aut
1123 4289 1528 4373 Novensides‚
1572 4293 1684 4358 sed
1719 4312 1972 4376 semper
2004 4293 2074 4358 di
2110 4292 2431 4378 indiqetes,
2461 4291 2533 4357 di
2562 4289 3015 4372 novensides1).
3101 4289 3271 4355 unde
3301 4291 3364 4355 in
3396 4295 3572 4356 tanta
3604 4292 3916 4357 sermonis
3951 4292 3956 4297 ’

619 4393 1060 4461 Romanorum
1119 4398 1420 4480 pontificii
1476 4399 1832 4463 constantia
1887 4399 2009 4464 hoc
2053 4418 2172 4482 pro
2224 4403 2399 4464 certo
2450 4399 2764 4480 sequitur,
2824 4397 2984 4462 haec
3026 4396 3340 4461 vocabula
3385 4417 3514 4462 non
3556 4398 3730 4480 fungi
3767 4418 3919 4481 pro-

620 4501 899 4583 priorum
945 4503 1278 4569 nominum
1326 4506 1460 4570 vice
1501 4524 1620 4571 nec
1659 4504 2014 4588 significare
2057 4509 2261 4570 certas
2302 4504 2566 4570 deorum
2612 4504 2790 4589 quasi
2826 4521 3129 4586 personas
3158 4507 3272 4567 aut
3313 4503 3494 4569 binas
3535 4508 3650 4569 aut
3685 4505 3919 4588 plureS,

620 4606 811 4674 veluti
854 4607 1151 4675 Castores
1192 4610 1386 4676 Lares
1428 4611 1751 4676 Camenae
1792 4610 2154 4696 Lymphae,
2207 4611 2320 4677 sed
2364 4609 2804 4694 comparanda
2847 4629 2985 4674 esse
3038 4629 3186 4674 cum
3243 4610 3510 4677 deorum
3568 4612 3919 4694 penatIum,

817 4809 871 4877 1)
909 4808 994 4862 Ad
1030 4806 1248 4863 irritum
1285 4808 1548 4865 caderent
1570 4825 1715 4878 quae
1750 4809 1883 4876 dixi,
1918 4807 1963 4864 ai
1999 4824 2057 4863 re
2097 4824 2226 4864 vera.
2267 4823 2433 4876 quam
2472 4806 2539 4862 de
2567 4796 2914 4878 Indigetibue
2940 4805 3139 4861 habuit
3172 4806 3350 4862 oratio
3380 4807 3449 4861 M.
3489 4807 3666 4863 Porcii
3700 4807 3925 4864 Catonia

624 4890 790 4959 (Fest.
827 4910 880 4963 p.
918 4894 1043 4965 339)
1079 4894 1150 4949 ad
1187 4895 1286 4950 hoe
1320 4895 1452 4952 deos
1486 4894 1856 4952 Romanorum
1898 4894 2107 4965 patrios
2142 4896 2459 4966 spectasset.
2531 4899 2594 4948 at
2640 4910 2765 4949 cum
2816 4892 2937 4950 iure
2988 4892 3176 4948 mirati
3223 4894 3336 4949 sint
3382 4893 3486 4948 viri
3536 4894 3686 4949 docti
3729 4893 3821 4965 (cf.
3858 4892 3928 4949 H.

624 4975 831 5046 Meyer,
865 4980 1015 5036 Orat.
1054 4981 1211 5036 Rom.
1250 4983 1447 5054 fragm.
1485 5000 1535 5053 p.
1580 4985 1715 5055 145),
1750 4983 1883 5055 quid
1919 4981 2116 5039 Catoni
2150 4981 2219 5036 de
2253 4980 2567 5050 indigetum
2604 4980 2831 5035 deorum
2867 4979 3025 5035 cultu
3079 4979 3368 5035 dicendum
3419 4980 3604 5045 fuerit,
3654 4998 3833 5051 neque
3867 4979 3929 5036 in

626 5064 791 5121 unico
826 5067 983 5136 qood
1009 5071 1192 5124 exstat
1222 5068 1385 5123 huius
1424 5070 1690 5125 orationis
1723 5070 2039 5140 fragmento
2074 5066 2359 5139 religionis
2397 5067 2606 5122 mentio
2643 5067 2757 5138 fiat,
2800 5067 2970 5123 semel
3009 5067 3284 5123 monuisse
3319 5067 3556 5124 sufficiet
3589 5085 3701 5124 non
3738 5068 3805 5122 de
3844 5065 3930 5124 die

625 5152 964 5223 indigetibus
999 5154 1259 5211 Catonem
1301 5158 1468 5212 verba
1503 5158 1711 5224 fecisse,
1746 5159 1837 5212 eed
1889 5156 1957 5210 de
1995 5153 2341 5223 Indigetibue
2380 5152 2677 5222 Hispaniae
2714 5153 2921 5225 populo
2969 5154 3215 5225 (Sallust.
3264 5155 3424 5226 epist.
3461 5156 3651 5227 Pomp.
3699 5160 3749 5211 ὅ.
3788 5154 3928 5212 Plin.

625 5256 680 5293 n.
715 5239 774 5297 h.
808 5240 893 5298 111
927 5244 1012 5300 21.
1046 5242 1242 5300 Avien.
1279 5262 1377 5301 ora
1412 5264 1548 5301 mar.
1584 5248 1710 5314 523)
1746 5245 1891 5301 circa
1926 5240 2303 5311 Emporiarum
2341 5240 2604 5309 oppidum
2640 5241 2924 5298 conlocato
2960 5241 3162 5312 (Strab.
3200 5240 3282 5296 111
3321 5240 3459 5311 160),
3499 5260 3611 5313 qua
3642 5243 3932 5313 inregione

627 5340 774 5381 anno
808 5345 862 5388 n.
900 5347 946 5387 ο.
982 5332 1084 5387 559
1121 5331 1385 5390 Catonem
1419 5332 1698 5391 consulem
1735 5330 2016 5388 dimicasse
2053 5329 2252 5383 ecimus
2288 5326 2424 5397 (Liv.
2462 5324 2696 5382 XXXIV
2733 5329 2765 5382 9
2800 5344 2918 5397 sqq.
2956 5327 3070 5397 aL).
