5100 6625
2842 819 2922 884 lv

1228 998 1492 1064 deorum
1537 998 1847 1080 manium,
1890 998 2158 1065 deorum
2195 1001 2557 1082 agrestium,
2605 1001 2874 1065 deorum
2904 997 3304 1064 consentium
3346 996 3491 1062 sim.
3577 996 3968 1075 nominibus,
4009 997 4242 1080 quibus
4282 1015 4319 1061 e
4354 1015 4536 1064 more

1225 1124 1344 1170 suo
1388 1104 1665 1170 Romani
1708 1105 1960 1188 singula
2000 1105 2268 1171 deorum
2312 1126 2546 1189 genera
2603 1126 2735 1172 uno
2778 1105 3088 1171 vocabulo
3133 1104 3467 1187 complecti
3509 1102 3819 1168 solebant.
3906 1122 4095 1186 porro
4139 1104 4289 1169 addi
4330 1109 4537 1186 potest

1225 1210 1494 1276 deorum
1537 1211 1889 1295 indigetum
1932 1216 1995 1277 et
2037 1212 2458 1279 novensidum
2503 1214 2971 1278 distinctionem
3017 1230 3148 1278 non
3197 1210 3386 1276 fuisse
3427 1210 3740 1277 Romanis
3782 1212 4131 1294 propriam,
4187 1212 4300 1277 sed
4341 1211 4530 1277 latius

1229 1318 1509 1400 patuisse
1550 1338 1666 1402 per
1706 1319 2035 1402 religiones
2074 1319 2459 1403 populorum
2507 1319 2743 1385 Italiae.
2828 1338 2979 1384 nam
3025 1319 3330 1400 indigetes
3371 1318 3526 1383 deos
3569 1318 3743 1401 apud
3781 1317 4229 1384 Praenestinos
4271 1338 4530 1403 quoque

1230 1424 1418 1491 fuisse
1465 1428 1692 1490 auctor
1743 1430 1839 1490 est
1897 1423 2151 1492 Servius
2207 1426 2292 1492 ad
2351 1429 2513 1491 Aen.
2575 1425 2684 1491 VII
2739 1426 2863 1491 678
2919 1425 3330 1509 eiusdemque
3387 1424 3703 1507 religionis
3757 1424 4191 1492 testimonium
4246 1446 4326 1491 ex
4377 1445 4531 1509 agro

1226 1531 1519 1615 Arpinati
1561 1533 1792 1615 prodiit
1835 1533 2055 1598 titulus
2097 1554 2157 1600 a.
2202 1553 2265 1598 u.
2311 1553 2362 1599 c.
2407 1534 2531 1598 750
2559 1536 2921 1616 conceptuS,
2965 1552 3094 1616 quo
3136 1533 3496 1598 sacerdotes
3532 1532 3662 1597 duo
3704 1551 3773 1597 se
3808 1531 4167 1598 aediculam
4206 1538 4270 1599 et
4309 1532 4530 1599 basem

1227 1642 1292 1703 et
1333 1638 1557 1704 aedem
1617 1643 1680 1705 et
1723 1640 2037 1722 porticum
2100 1640 2427 1706 dedicasse
2468 1642 2647 1706 aiunt
2690 1639 2820 1705 Iovi
2864 1639 3103 1705 AERlS
3145 1639 3252 1721 (de
3293 1639 3562 1704 lectione
3605 1658 3736 1704 non
3780 1638 3971 1722 plane
4011 1639 4287 1718 constat)
4329 1644 4393 1705 et
4436 1642 4534 1706 dis

1224 1744 1608 1827 indigetibus
1665 1744 1817 1826 (CIL
1866 1746 1929 1813 X
1985 1747 2195 1827 5779),
2251 1748 2632 1813 novensides
2681 1751 2900 1813 autem
2958 1747 3110 1812 deos
3162 1749 3229 1811 et
3269 1746 3462 1811 Marsi
3503 1747 3788 1812 venerati
3832 1750 3983 1811 sunt
4033 1750 4304 1812 testante
4348 1746 4534 1812 titulo

1229 1850 1529 1918 Marruvii
1572 1858 1825 1937 reperto
1864 1852 2206 1936 (Zvetaieff,
2250 1855 2443 1921 Inscr.
2487 1854 2606 1920 Ital
2646 1854 2811 1919 med.
2861 1854 3007 1920 dial.
3064 1873 3126 1919 n.
3171 1855 3280 1930 373
3342 1855 3419 1919 cf.
3461 1853 3816 1919 Mommsen
3875 1852 4003 1920 CIL
4047 1853 4133 1919 IX
4172 1874 4234 1937 p.
4278 1853 4424 1933 349)
4469 1859 4532 1919 et

1228 1958 1452 2024 Umbri
1480 1960 1906 2042 PisaurenseS,
1943 1963 2114 2046 apud
2144 1982 2309 2047 quos
2337 1964 2561 2047 cippus
2592 1965 2795 2028 exstat
2823 1960 3010 2026 DEIV
3031 1985 3046 2000 ·
3069 1960 3292 2026 NOVE
3313 1985 3327 2000 ·
3349 1960 3556 2026 SEDE
3585 1962 3919 2045 inscriptus
3947 1959 4102 2044 (CIL
4141 1960 4166 2025 1
4213 1959 4377 2044 178),
4412 1959 4533 2025 hoc

1225 2074 1321 2134 est
1352 2066 1613 2152 deivas)
1641 2069 2148 2152 nove(n)sid(is)‚
2185 2089 2316 2136 non
2350 2090 2504 2136 vero
2531 2107 2613 2117 —
2643 2069 2820 2155 quod
2849 2072 2912 2134 et
2939 2069 3250 2136 Corsseno
3280 2068 3369 2152 (in
3398 2070 3469 2133 Α.
3503 2069 3737 2135 Kuhnii
3766 2070 3981 2136 annal.
4013 2070 4208 2153 lingu.
4245 2087 4530 2151 compar.

1227 2173 1317 2240 IX
1375 2195 1438 2258 p.
1491 2176 1611 2240 160
1662 2179 1827 2261 sqq.)
1887 2182 1951 2244 et
1990 2177 2269 2244 Jordano
2327 2179 2569 2258 (Herm.
2613 2179 2730 2246 XV
2781 2181 2883 2260 11)
2941 2178 3179 2262 placuit
3220 2212 3301 2223 —
3344 2177 3627 2259 deiv(ae)
3667 2177 4095 2258 novemkidst
4137 2176 4534 2259 singulariter

1232 2282 1402 2348 enim
1446 2302 1756 2349 novenses
1815 2285 1947 2349 sive
2005 2285 2162 2350 deus
2208 2286 2341 2352 sive
2396 2287 2516 2352 dea
2577 2305 2709 2352 non
2770 2288 2972 2368 magis
3033 2285 3151 2351 dici
3209 2288 3440 2367 potest,
3499 2303 3693 2368 quam
3751 2284 3911 2349 deus
3968 2295 4166 2368 penas
4224 2292 4340 2350 aut
4379 2284 4535 2349 deus

1230 2408 1461 2454 manus
1503 2390 1636 2456 sive
1678 2393 1903 2457 manis.
2343 2461 2346 2463 ,
2651 2452 2660 2461 ,

1479 2497 1611 2562 lam
1654 2498 1738 2564 ad
1784 2499 2240 2565 derivationem
2285 2500 2614 2583 utriusque
2657 2501 2928 2564 nominis
2967 2503 3039 2563 ut
3083 2499 3431 2577 veniamuS,
3480 2497 3944 2579 indigetium
3988 2499 4376 2563 vocabulum
4420 2506 4534 2564 aut

1231 2604 1316 2669 ab
1362 2603 1704 2685 indigendo
1738 2604 2060 2670 duxerunt
2098 2606 2498 2687 grammatici
2557 2611 2800 2672 veteres
2857 2613 2971 2672 aut
3031 2607 3117 2671 ab
3158 2606 3552 2689 indigitando
3593 2610 3707 2670 aut
3750 2607 3836 2671 ab
3877 2605 3940 2669 in
3984 2604 4080 2669 dis
4124 2605 4373 2686 agendo
4418 2613 4532 2672 aut

1230 2710 1506 2794 denique
1547 2711 1718 2776 idern
1757 2712 2107 2796 significare
2152 2712 2448 2778 dixerunt
2483 2715 2657 2797 quod
2704 2714 3050 2795 indigenas,
3100 2713 3323 2797 hisque
3367 2714 3462 2777 usi
3505 2713 3861 2795 veriloquiis
3906 2712 4253 2792 indigetum
4297 2733 4530 2779 nomen

1231 2819 1427 2883 modo
1463 2819 1759 2884 omnibus
1796 2820 1894 2884 dis
1927 2821 2306 2901 tribuerunt,
2350 2820 2526 2903 quod
2563 2821 2796 2885 nullius
2840 2821 2929 2885 rei
2968 2822 3293 2903 indigeant
3332 2822 3445 2884 aut
3477 2820 3627 2902 quia
3658 2820 4034 2883 invocentur
4075 2820 4196 2884 hoc
4234 2822 4331 2883 est
4369 2820 4532 2884 indi·
4644 2852 4654 2860 ·

1229 2926 1506 3007 gitentur
1544 2927 1630 2991 ab
1671 2927 2051 3008 hominibuS‚
2095 2929 2291 2992 modo
2330 2928 2638 3004 semidei3‚
2684 2929 2790 3011 qui
2832 2928 3155 3008 indigeant
3193 2926 3524 2991 divinitate
3556 2928 3669 2990 aut
3707 2925 3816 3007 qui
3856 2925 3919 2989 in
3954 2925 4050 2989 dis
4084 2929 4301 3008 agant,
4340 2927 4531 2992 modo

1234 3035 1511 3116 denique
1568 3034 1663 3097 dis
1724 3035 1944 3117 patriis
2000 3035 2167 3118 (vide
2224 3034 2601 3118 placitorum
2658 3038 2948 3098 veterum
3016 3033 3473 3098 conlectionem
3534 3032 3709 3115 apud
3762 3032 3939 3096 Serv,
3997 3033 4157 3097 Aen.
4216 3032 4331 3098 XII
4389 3033 4530 3100 794.

1234 3139 1460 3221 Georg.
1501 3139 1526 3205 1
1557 3139 1725 3224 498).
1812 3161 1849 3207 e
1887 3142 2118 3225 quibus
2151 3141 2512 3225 veriloquiis
2544 3140 2716 3218 illud,
2755 3159 2884 3223 quo
2924 3139 3008 3205 ab
3044 3140 3384 3222 indigendo
3412 3138 3718 3219 indigetes
3757 3138 3959 3204 dictos
3994 3159 4131 3205 esse
4165 3141 4533 3221 docebatur,

1130 3305 1135 3309 ,
1230 3247 1300 3314 Ρ.
1333 3246 1559 3330 Nigidii
1592 3249 1790 3332 Figuli
1827 3250 1941 3316 viri
1982 3269 2274 3335 perverse
2314 3250 2482 3316 docti
2520 3248 2900 3315 auctoritate
2942 3247 3267 3314 firmatum
3312 3245 3538 3323 (Schol.
3579 3246 3767 3310 Bern.
3809 3245 3992 3330 Verg.
4036 3247 4259 3332 Georg.
4301 3247 4326 3314 Ι
4362 3249 4532 3334 498),

1235 3358 1305 3421 ut
1350 3358 1636 3419 veterum
1691 3351 2039 3416 multorum
2084 3352 2381 3435 plausum
2441 3353 2597 3431 tulit,
2652 3355 2738 3419 ita
2797 3361 2859 3420 et
2919 3355 3226 3420 sermonis
3289 3358 3351 3420 et
3404 3355 3664 3418 rationis
3713 3355 3956 3438 legibus
4000 3375 4130 3421 non
4174 3358 4386 3423 minus
4427 3378 4532 3424 ex-

1234 3462 1505 3528 cluditur
1545 3481 1739 3545 quam
1785 3461 2079 3538 alterum,
2138 3481 2267 3543 quo
2328 3463 2509 3545 quasi
2567 3464 2632 3527 in
2693 3462 2787 3528 dis
2833 3466 3095 3545 agentes
3140 3462 3288 3527 dicti
3344 3481 3481 3527 esse
3527 3461 3874 3544 finguntur.
3959 3465 4341 3529 recentiores
4381 3484 4533 3546 ergo

1232 3571 1395 3636 duas
1438 3588 1605 3652 quae
1650 3571 1889 3633 restant
1931 3572 2218 3633 veterum
2264 3570 2607 3633 sententias
2650 3570 2849 3634 secuti
2904 3573 3017 3634 aut
3062 3589 3210 3634 cum
3265 3552 3638 3650 indigitandi
3692 3570 3886 3636 verbo
3931 3574 3995 3635 et
4038 3571 4534 3655 indigitamentis

1234 3679 1700 3742 coniunxerunt
1736 3675 2041 3756 indigetes
2076 3675 2231 3739 deos
2260 3680 2372 3740 aut
2409 3676 2739 3757 indigenas
2778 3697 2912 3742 esse
2955 3681 3358 3742 censuerunt.
3445 3696 3561 3742 nec
3593 3697 3744 3742 vero
3783 3677 4128 3761 quicquam
4165 3680 4313 3757 scio,
4356 3681 4530 3762 quod

1236 3786 1436 3865 magis
1492 3786 1693 3847 iustae
1751 3782 2098 3863 indigetum
2157 3782 2419 3845 deorum
2479 3783 2978 3866 interpretationi
3024 3784 3329 3864 nocuerit,
3369 3803 3577 3866 -quam
3633 3785 3805 3867 quod
3863 3784 4146 3869 plerique
4205 3786 4315 3851 viri
4362 3787 4531 3852 docti

1231 3892 1699 3973 indigitationes
1742 3888 2354 3970 indigitamentaque
2396 3889 2479 3953 ab
2523 3889 2903 3972 indigetibus
2942 3891 3160 3974 procul
3191 3890 3432 3956 habere
3462 3891 3823 3969 noluerunt,
3867 3893 3998 3956 sive
4040 3911 4186 3958 cum
4220 3891 4533 3959 Corsseno

1234 4000 1342 4081 (de
1396 3998 1595 4062 Volsc.
1652 3996 1866 4077 lingua
1922 4014 1983 4076 p.
2047 3995 2153 4071 183
2212 3994 2390 4059 Krit.
2443 3994 2846 4081 Nachtraeqe
2900 4019 2958 4082 p.
3018 3998 3165 4075 254)
3222 3996 3494 4083 indiqet-
3555 3998 3951 4082 participium
4012 4000 4335 4082 passivum
4399 4018 4537 4064 esse

1232 4107 1529 4171 dicebant
1584 4102 1759 4167 verbi
1813 4100 2076 4166 alicuuis
2130 4102 2437 4185 deperditi
2461 4103 2843 4190 ·*indiqere‚
2903 4107 3082 4172 cuius
3143 4104 3679 4188 frequentativum
3741 4109 3906 4169 esset
3963 4106 4343 4187 indiyitare‚
4401 4106 4535 4171 sive

1232 4208 1803 4293 incliyetemdeum
1845 4207 2007 4273 indu
2049 4214 2333 4290 aqentem
2377 4211 2730 4292 putabant,
2797 4211 2921 4276 hoc
2969 4216 3063 4275 est
3123 4212 3187 4275 in
3232 4210 3489 4292 singulis
3532 4211 3886 4276 actionibus
3927 4213 4117 4277 rebus
4158 4213 4306 4277 locis
4347 4232 4533 4295 prae·

1232 4323 1496 4396 sentem,
1556 4314 2010 4397 indigitareque
2069 4314 2223 4379 nihil
2273 4315 2640 4381 aliudesse
2695 4317 3174 4382 arbitrabantur
3225 4317 3338 4381 nisi
3399 4316 3739 4398 indigetem
3799 4319 4004 4383 facere
4061 4321 4256 4402 atque
4299 4338 4531 4384 creare.

1237 4425 1416 4488 cuius
1459 4420 1715 4486 alterius
1754 4421 2106 4486 sententiae
2166 4440 2371 4505 nuper
2426 4423 2658 4487 doctus
2714 4423 3011 4489 defensor
3067 4425 3303 4489 exstitit
3360 4422 3674 4488 Rudolt'us
3715 4422 3919 4504 Peter,
3977 4425 4085 4507 qui
4127 4425 4527 4490 Ambroschii

1237 4526 1859 4613 Reifferscheidiique
1900 4528 2162 4609 vestigia
2200 4527 2414 4609 legens
2458 4528 2537 4594 de
2581 4530 2961 4611 indigetibus
2990 4530 3620 4612 indigitamentisque
3653 4530 3974 4613 copiosam
4010 4530 4527 4612 fructuosamque
4641 4566 4647 4575 ·

1233 4636 1724 4716 disputationem
1767 4634 2029 4699 inseruit
2074 4635 2176 4698 W.
2221 4634 2300 4699 H.
2358 4635 2668 4701 Roscheri
2730 4632 2928 4703 lexico
2981 4637 3413 4721 mythologice
3454 4635 3506 4700 ΙΙ
3551 4656 3610 4719 p.
3664 4636 4004 4701 129—233.
4090 4641 4158 4701 at
4199 4637 4352 4701 mihi
4398 4655 4524 4700 non

1235 4743 1548 4825 persuasit
1589 4741 1685 4805 vir
1725 4742 2143 4806 amicissimus
2169 4745 2233 4806 et
2275 4741 2435 4807 felici
2475 4743 2786 4809 industria
2832 4744 2912 4810 de
2949 4744 3050 4808 his
3081 4744 3302 4809 studi1s
3339 4745 3577 4826 optime
3624 4743 3883 4808 meritus
3909 4763 4130 4808 verum
4176 4763 4311 4810 esse
4355 4742 4527 4826 quod

1232 4869 1275 4915 a
1315 4848 1631 4943 plerisque
1673 4848 1969 4927 creditur,
2025 4848 2182 4914 deos
2239 4849 2374 4914 illos
2414 4851 2697 4916 minutos
2755 4870 2832 4917 ac
2873 4851 3180 4936 proprioS,
3223 4871 3387 4934 quos
3438 4850 3699 4933 singulis
3737 4852 3905 4916 vitae
3947 4850 4529 4933 actibus-praeesse

1232 4956 1509 5021 Romani
1575 4954 2053 5021 arbitrabantur
2094 4960 2158 5022 et
2197 4976 2415 5040 usque>
2457 4958 2540 5022 ad
2598 4956 2866 5041 ineptias
2920 4957 3188 5039 religiosi
3231 4959 3294 5023 in
3345 4957 3697 5040 pangendis
3748 4957 4003 5040 nuptiiS,
4057 4959 4120 5021 in
4180 4957 4531 5027 educandis

1235 5063 1596 5141 infantibuS,
1641 5062 1706 5128 in
1749 5082 1905 5143 agro
1947 5063 2211 5130 colendo
2266 5065 2612 5130 advocasse
2663 5065 2981 5143 dicuntur,
3027 5065 3332 5146 indigetes
3372 5064 3697 5130 vocandos
3741 5084 3880 5129 esse
3920 5064 4532 5147 indigitamentaque

1235 5169 1359 5247 illa,
1401 5189 1567 5253 quae
1603 5171 1855 5253 saepius
1892 5175 2496 5250 commemorantur,
2536 5171 2770 5237 horum
2810 5173 3080 5238 deorum
3119 5171 3354 5237 indices
3397 5164 4083 5255 interpretationesque
4127 5171 4529 5237 continuisse.

1202 5274 1387 5341 ‘nam
1434 5279 1546 5361 qui
1588 5278 1703 5344 soli
1743 5278 1871 5344 fere
1913 5279 2371 5345 accuratiorem
2412 5280 2642 5347 horum
2705 5282 2972 5349 deorum
3035 5265 3425 5345 minutorum
3485 5278 3773 5344 notitiam
3815 5300 3850 5344 e
3892 5277 4180 5346 Varrone
4231 5279 4531 5344 haustam
