5100 6625
2856 703 2917 769 X

1237 879 1560 945 verissime
1602 879 1771 944 enim
1806 877 2240 946 Mommsenus
2282 880 2528 946 monuit
2572 880 2777 962 (Ro‘m.
2811 882 3086 948 Stant-er.
3127 882 3204 948 111
3239 883 3352 961 323
3397 883 3476 952 cf.
3515 889 3670 950 reim.
3713 885 3977 952 For-ach.
4014 888 4039 953 1
4075 890 4148 954 71
4182 893 4353 975 sqq.)
4389 896 4536 976 post

1235 987 1557 1052 civitatem
1622 986 1899 1070 patriciis
1962 1005 2109 1051 cum
2168 986 2353 1069 plebe
2412 989 2951 1054 communicatam
3012 1009 3213 1056 novas
3279 994 3499 1073 gentes
3567 1011 3695 1057 non
3762 993 3887 1059 iam
3955 995 4305 1080 adscriptas
4368 1018 4532 1065 esse.

1241 1098 1495 1177 tempus
1537 1093 1898 1159 accuratius
1940 1093 2202 1159 definire
2245 1095 2308 1158 in
2371 1094 2581 1174 tantia,
2640 1094 2872 1178 quibus
2929 1097 3138 1179 prisca
3193 1115 3405 1162 rerum
3449 1098 3893 1165 Romanarum
3939 1101 4202 1169 historia
4242 1104 4530 1171 involuta

1235 1204 1353 1278 est,
1387 1200 1665 1266 tenebris
1700 1204 2109 1266 temerarium
2144 1206 2339 1277 esset;
2386 1202 2507 1267 hoc
2553 1221 2751 1268 unum
2782 1202 3102 1269 adfirmari
3133 1208 3363 1287 potest,
3403 1224 3627 1270 omnes
3661 1224 3772 1272 eas
3804 1227 3967 1291 quas
4006 1209 4275 1276 indicavi
4315 1215 4527 1276 muta-

1239 1310 1444 1372 tiones
1490 1307 1808 1373 institutas
1849 1328 1983 1373 esse
2023 1312 2172 1373 ante
2217 1307 2483 1374 Dianam
2532 1310 3025 1376 Aventinensem
3067 1310 3422 1390 conditam,
3476 1316 3628 1377 ante
3670 1315 3925 1380 moenia
3971 1315 4143 1382 urbis
4189 1322 4526 1397 exstructa,

1237 1419 1390 1483 ante
1425 1416 1710 1482 instituta
1756 1418 2011 1482 comitia
2051 1416 2426 1495 centuriata,
2468 1417 2590 1483 hoc
2633 1421 2748 1497 est,
2793 1422 2864 1483 ut
2907 1417 3232 1482 annalium
3271 1437 3567 1484 sermone
3610 1422 3887 1503 utamur,
3929 1427 4077 1488 ante
4110 1423 4306 1492 Servii
4343 1423 4530 1490 Tullii

1240 1526 1423 1607 regiS,
1466 1524 1549 1589 ad
1595 1543 1788 1607 quem
1834 1524 1990 1589 haec
2029 1525 2246 1589 omnia
2287 1524 2504 1589 referri
2547 1525 2770 1605 solent,
2813 1529 3111 1590 aetatem.

1483 1655 1842 1739 lndigetum
1878 1675 2026 1737 ergo
2060 1655 2325 1721 deorum
2365 1655 2738 1720 laterculum
2775 1655 2889 1719 etsi
2922 1674 3052 1720 non
3100 1655 3355 1739 plenum
3391 1661 3608 1724 tamen
3649 1659 3800 1722 satis
3837 1658 4127 1741 amplum
4157 1679 4194 1725 e
4225 1661 4527 1725 feriarum

1239 1764 1392 1830 anni
1436 1764 1710 1830 Romani
1755 1763 1975 1829 tabula
2016 1763 2105 1828 ita
2146 1763 2534 1828 resarcinata
2580 1762 2754 1841 licet,
2814 1766 2886 1827 ut
2928 1762 3116 1828 indici
3161 1763 3311 1828 olim
3358 1784 3398 1830 a
3437 1764 3557 1831 Th.
3599 1763 3995 1830 Mommseno
4053 1764 4182 1831 cu,
4223 1765 4249 1831 1
4289 1786 4350 1850 p.
4403 1767 4526 1832 375

1240 1872 1589 1955 composito
1614 1869 1658 1954 ¹)
1701 1872 2016 1937 addamus
2046 1875 2108 1963 et
2144 1890 2253 1937 eos
2281 1869 2449 1950 deos,
2495 1887 2767 1955 quorum
2813 1869 2996 1934 ferias
3034 1869 3240 1935 nullas
3277 1872 3588 1950 novimus,
3627 1872 3739 1937 sed
3779 1871 4138 1938 sacerdotes
4184 1871 4522 1954 (flamines)
4553 1891 4558 1898 ·

1240 1979 1431 2045 fuisse
1468 1978 1965 2060 scimus-(veluti
2003 1976 2299 2055 FalacriS,
2345 1976 2587 2056 Florae,
2630 1976 2984 2057 Pomonae)
3023 1980 3087 2042 et
3128 1997 3254 2057 eos,
3300 1998 3576 2062 quorum
3619 1980 3808 2045 feriae
3849 1983 4155 2058 vetustae,
4197 1980 4346 2064 quia
4390 1998 4522 2044 non

1237 2091 1445 2152 statae
1487 2089 1667 2151 erant
1698 2086 1807 2149 sed
1851 2086 2274 2168 concaptivae,
2318 2086 2379 2150 in
2428 2085 2601 2150 fastis
2640 2104 2771 2149 non
2820 2084 3285 2166 perscribuntur
3327 2087 3423 2165 (ut
3454 2085 3828 2170 Compitalia
3855 2086 4121 2153 Laribus
4159 2086 4523 2166 celebrata),

1241 2193 1515 2277 denique
1557 2193 1830 2257 minores
1872 2192 2028 2271 illos,
2069 2192 2179 2276 qui
2221 2191 2488 2275 propriis
2527 2191 2693 2256 feriis
2736 2195 3019 2257 carentes
3059 2197 3274 2258 tamen
3320 2212 3466 2259 cum
3508 2193 3646 2260 aliis
3681 2194 3777 2259 dis
3817 2195 4036 2277 priscis
4077 2195 4163 2260 ita
4203 2193 4522 2260 coniuncti

1239 2304 1407 2379 sunt,
1451 2304 1520 2364 ut
1556 2301 1733 2382 quasi
1766 2299 2094 2383 participes
2130 2299 2396 2382 putandi
2441 2299 2565 2363 sint
2609 2298 2908 2363 feriarum
2945 2298 3059 2363 illis
3100 2300 3430 2365 datarum:
3474 2301 3601 2366 huc
3634 2302 3949 2383 pertinent
3987 2306 4050 2367 et
4085 2303 4242 2367 deae
4270 2299 4528 2383 singulis

1242 2408 1336 2472 dis
1378 2408 1794 2487 consociatae,
1837 2406 2058 2490 quales
2101 2406 2332 2471 Gellius
2373 2404 2513 2473 Xlll
2555 2406 2635 2469 23
2677 2425 2714 2469 e
2758 2406 3123 2487 pontificum
3168 2407 3337 2472 libris
3380 2412 3732 2486 enumerat,
3775 2407 3911 2472 Lua
3954 2407 4232 2486 Saturni,
4275 2408 4528 2474 Salacia

1240 2513 1534 2595 Neptuni,
1578 2514 1753 2579 Hora
1797 2513 2058 2592 Quirini,
2102 2514 2268 2579 Maia
2311 2512 2591 2592 Volcani,
2649 2513 2835 2579 Nerio
2875 2513 3111 2590 Martis,
3156 2517 3221 2579 et
3259 2514 3478 2579 famuli
3523 2514 3926 2597 famulaeque
3964 2514 4177 2596 divini,
4216 2520 4288 2580 ut
4329 2513 4527 2579 Moles

1242 2619 1480 2698 Martis,
1526 2619 1747 2685 Virites
1784 2620 2048 2699 Quirini,
2105 2620 2228 2685 alii.
2331 2621 2748 2686 novensidum
2795 2639 2942 2686 vero
2997 2621 3261 2686 deorum
3306 2639 3512 2703 paene
3554 2620 3798 2686 infinita
3839 2625 3935 2686 est
3974 2621 4333 2699 multitudo,
4375 2639 4524 2685 cum

1244 2727 1700 2810 complectatur
1743 2727 1955 2792 omnia
1998 2731 2312 2811 quotquot
2356 2728 2504 2792 inde
2548 2747 2590 2792 a
2629 2727 2825 2792 Servii
2869 2725 3055 2792 Tullii
3095 2747 3292 2810 regno
3328 2728 3644 2792 civitatem
3689 2727 4050 2792 Romanam
4097 2727 4333 2809 adepta
4375 2729 4526 2791 sunt

1243 2835 1534 2910 numina,
1593 2833 1864 2899 Dianam
1912 2855 1987 2899 ac
2030 2834 2364 2911 Venerem,
2426 2834 2759 2900 Herculem
2806 2838 2869 2898 et
2911 2833 3370 2912 Vertumnum,
3413 2833 3753 2900 Fortunam
3798 2839 3861 2899 et
3903 2833 4312 2911 Pudicitiam,
4367 2832 4525 2898 alios

1244 2940 1649 3018 innumerOS,
1707 2941 1812 3025 qui
1861 2941 2111 3023 publica
2169 2942 2461 3024 religione
2513 2962 2640 3007 non
2709 2944 2918 3008 minus
2970 2941 3267 3008 coluntur
3325 2961 3519 3025 quam
3564 2942 3628 3006 di
3684 2941 4021 3022 indigetes,
4073 2940 4186 3005 sed
4240 2944 4303 3005 et
4356 2939 4524 3004 feriis

1242 3051 1466 3112 carent
1506 3067 1623 3112 nec
1670 3049 1995 3114 flaminum
2043 3050 2296 3114 servitio
2346 3054 2629 3115 utuntur.
2716 3067 2988 3133 quorum
3051 3049 3309 3113 nomina
3363 3049 3574 3113 omnia
3630 3068 3968 3132 congerere
4024 3053 4086 3112 et
4138 3046 4386 3112 difficile
4428 3049 4526 3111 est

1244 3158 1306 3218 et
1348 3155 1433 3218 ab
1465 3155 1655 3220 huius
1698 3156 2139 3238 disputationis
2179 3157 2437 3222 consilio
2475 3157 2787 3234 alienum3
2849 3157 2958 3221 sed
3017 3176 3186 3240 quae
3243 3156 3475 3221 fuerint
3517 3157 3783 3221 deorum
3827 3154 4245 3220 novensidum
4291 3172 4526 3237 genera

1243 3261 1679 3343 quaerendum
1725 3263 1871 3344 erit,
1931 3282 2074 3329 curn
2122 3283 2202 3328 ne
2247 3264 2361 3329 hos
2403 3264 2660 3348 quidem
2706 3284 2926 3331 omnes
2966 3265 3188 3330 eodem
3233 3265 3367 3330 iure
3409 3283 3556 3329 usos
3598 3283 3731 3329 esse
3778 3266 4042 3329 constet.
4126 3281 4203 3328 ac
4246 3261 4524 3345 primurn

1246 3369 1504 3451 quidem
1550 3370 1993 3436 discernuntur
2034 3371 2197 3435 inter
2239 3391 2306 3436 se
2365 3372 2428 3436 di
2488 3392 2568 3437 ex
2629 3372 2894 3438 aliarum
2954 3373 3279 3438 civitatum
3337 3371 3740 3452 religionibus
3794 3371 4027 3453 recepti
4072 3374 4136 3435 et
4177 3369 4440 3436 numina
4484 3387 4524 3433 a

1244 3474 1553 3542 Romanis
1597 3477 1745 3560 ipsis
1787 3478 2045 3543 inventa
2077 3483 2140 3542 et
2178 3479 2484 3544 conficta:
2528 3483 2828 3546 vetantur
2868 3480 3037 3545 enim
3079 3481 3244 3545 cives
3288 3481 3360 3545 in
3393 3480 3645 3561 publico
3684 3499 3935 3544 sacrove
3976 3478 4104 3542 loco
4145 3498 4340 3542 novo
4384 3483 4525 3542 aut

1243 3592 1574 3650 externo
1615 3585 1751 3650 ritu
1792 3585 2157 3669 sacrificare
2200 3586 2359 3664 (Liv.
2406 3585 2582 3652 XXV
2628 3589 2682 3664 1,
2732 3585 2867 3669 12),
2924 3588 3322 3670 eandemque
3364 3587 3821 3651 distinctionem
3869 3591 4122 3649 secutus
4162 3582 4381 3649 Cicero
4422 3582 4522 3649 vel

1242 3690 1307 3754 in
1352 3692 1545 3755 sacris
1586 3693 1845 3774 privatis
1889 3694 2011 3758 hoc
2063 3693 2299 3771 sancit,
2355 3712 2437 3758 ne
2496 3693 2638 3777 quis
2689 3693 2838 3759 deos
2896 3693 3132 3758 habeat
3185 3714 3377 3759 neve
3429 3712 3672 3758 novos
3730 3713 3918 3758 neve
3979 3693 4338 3757 advenas
4395 3690 4528 3755 nisi

1238 3797 1485 3877 publice
1512 3798 1800 3878 adscitos,
1845 3799 1995 3882 quia
2033 3820 2177 3864 suos
2213 3800 2359 3865 deos
2400 3805 2541 3864 aut
2583 3822 2821 3866 novos
2855 3808 2995 3866 aut
3034 3801 3563 3883 alieniyenas
3598 3798 3793 3865 colere
3825 3799 4254 3865 confusionem
4293 3798 4530 3863 habeat

1243 3904 1613 3986 religionum
1655 3906 1763 3983 (de
1808 3907 1921 3987 leg.
1967 3905 2017 3969 11
2061 3905 2097 3987 ἓ
2139 3908 2230 3970 19.
2256 3904 2395 3989 25);
2443 3926 2650 3991 neque
2691 3908 2875 3973 aliter
2918 3907 3248 3973 Claudiani
3295 3912 3519 3990 poetae
3552 3907 3747 3973 verba
3777 3905 4196 3988 intellegenda
4233 3903 4528 3968 videntur

1243 4010 1350 4090 (de
1402 4010 1544 4076 bell.
1606 4011 1766 4078 Gild.
1836 4013 2015 4097 131),
2087 4014 2196 4099 qui
2253 4019 2400 4096 post
2462 4014 2736 4080 flebilem
2794 4014 2951 4080 deae
3009 4015 3257 4080 Romae
3322 4017 3671 4080 orationem
3743 4018 3815 4078 ut
3885 4014 4200 4079 neminem
4264 4012 4527 4076 deorum

1247 4116 1577 4183 Romanos
1631 4139 1762 4185 non
1823 4122 2373 4187 commiserescere
2432 4121 2740 4215 significet
2790 4120 2889 4185 his
2943 4122 3141 4186 utitur
3199 4122 3435 4186 verbis:
3493 4128 3773 4187 maerent
3821 4119 4129 4203 indiyetes
4173 4126 4228 4183 et
4280 4119 4340 4183 si
4380 4136 4532 4204 quos

1239 4223 1443 4290 Roma
1487 4229 1714 4310 recepit
1757 4236 1869 4293 aut
1909 4228 2084 4293 dedit
2119 4230 2268 4313 'ipsa
2309 4229 2488 4311 deos,
2550 4248 2716 4313 quae
2761 4248 2879 4309 ego
2922 4227 3104 4292 aliter
3146 4228 3544 4311 interpretari
3588 4246 3838 4311 nequeo
3885 4227 3996 4292 nisi
4042 4230 4114 4291 ut
4156 4224 4534 4307 indigetibus

1240 4340 1648 4415 opponantur
1688 4336 1817 4401 duo
1869 4337 2288 4402 novensidum
2333 4337 2599 4402 deorum
2643 4355 2908 4417 genera,
2955 4335 3189 4400 scilicet
3230 4339 3293 4400 et
3335 4334 3622 4401 advenae
3664 4342 3727 4398 et
3764 4333 3931 4399 novi.
4016 4333 4160 4398 novi
4207 4336 4425 4396 autem
4468 4330 4532 4395 di

1241 4439 1636 4520 intellegendi
1682 4446 1831 4506 sunt
1875 4443 1965 4524 ei,
2023 4463 2186 4526 quos
2245 4443 2390 4507 alibi
2453 4463 2585 4508 non
2627 4442 2977 4508 celebratos
3034 4442 3291 4526 proprio
3344 4447 3523 4506 motu
3560 4441 3834 4506 Romani
3892 4440 4056 4504 inter
4115 4439 4382 4503 numina
4432 4456 4532 4501 re-

1240 4546 1578 4628 cipiebant,
1613 4567 1844 4631 nempe
1878 4549 2180 4614 virtutum
2220 4570 2561 4634 rerumque
2599 4550 3093 4633 expetendarum
3132 4548 3480 4631 religiones,
3511 4548 3692 4612 sicuti
3719 4546 3952 4611 Mentis
3981 4545 4240 4609 Virtutis
4269 4543 4533 4607 Pietatis

1250 4653 1421 4718 Fidei
1464 4654 1695 4720 Salutis
1733 4654 2008 4721 Honoris
2050 4657 2363 4722 Victoriae
2406 4657 2714 4733 aliarum;
2774 4657 2934 4723 haec
2976 4659 3143 4722 enim
3191 4657 3454 4721 numina
3499 4652 3893 4737 grammatici
3935 4651 4242 4727 Romani,
4300 4668 4447 4715 cum
4492 4668 4534 4713 a

1263 4760 1517 4826 Graecis
1573 4762 1907 4828 numinum
1964 4764 2026 4827 in
2083 4764 2234 4829 deos
2290 4765 2645 4849 heroasque
2689 4765 3189 4830 distributionem
3234 4762 3577 4844 accipiant,
3634 4760 3731 4825 his
3782 4758 3962 4841 quasi
4019 4756 4272 4822 tertium
4332 4773 4534 4837 genus

1262 4867 1544 4932 divinum
1607 4870 1843 4936 addere
1896 4871 2100 4936 solent
2154 4870 2311 4953 (Cic.
2359 4871 2440 4935 de
2494 4872 2612 4954 leg.
2658 4871 2712 4937 11
2759 4873 2982 4947 192&
3042 4872 3123 4935 de
3179 4873 3308 4934 nat.
3363 4869 3532 4932 deor.
3578 4865 3632 4931 ΙΙ
3671 4867 3747 4929 61
3779 4884 3873 4947 sq.
3927 4862 4006 4929 cf.
4049 4862 4206 4928 Plin.
4254 4882 4314 4927 n.
4356 4861 4423 4926 h.
4483 4859 4538 4924 lI

1506 5118 1555 5183 1)
1596 5116 1892 5173 Addendae
1925 5119 2180 5174 videntur
2207 5119 2386 5175 Carne
2409 5122 2469 5174 et.
2497 5118 2735 5174 Larenta.
2765 5118 2916 5179 deae.
2950 5117 3018 5171 de
3048 5131 3280 5185 quarum
3312 5112 3460 5168 feriis
3485 5110 3851 5168 Kalendarum
3887 5113 3945 5165 et
3966 5111 4222 5164 feriarum
4249 5103 4541 5161 Iovialium

1259 5222 1494 5260 oncursu
1532 5205 1795 5262 obsoletis
1829 5206 1942 5262 dixi
1981 5205 2035 5261 in
2076 5206 2266 5264 libello
2302 5206 2614 5264 academico
2650 5207 2719 5261 de
2752 5205 2907 5261 feriis
2936 5204 3070 5259 anni
3109 5202 3481 5258 Romanorum
3519 5197 3882 5255 vetustissimi
3920 5215 3972 5268 p.
4008 5194 4101 5250 XI.
4137 5192 4289 5249 XIII.
