5100 6625
2204 838 2258 901 V

584 1016 769 1084 nobis
797 1014 1228 1100 suppeditant,
1273 1014 1701 1081 Tertullianus
1733 1021 1796 1081 et
1826 1017 2239 1099 Augustinus,
2271 1018 2513 1083 nullam
2549 1017 2786 1083 faciunt
2820 1018 3445 1099 indigitamentorum
3481 1019 3887 1097 mentionem,

585 1123 695 1189 ubi
732 1142 884 1188 vero
926 1121 1299 1204 indigitandi
1328 1123 1597 1188 verbum
1634 1123 1717 1188 ab
1757 1125 2036 1207 antiquis
2075 1125 2485 1208 scriptoribus
2520 1129 2886 1208 usurpatur,
2927 1126 3011 1191 de
3045 1125 3473 1191 diversissimis
3518 1126 3614 1191 dis
3657 1125 3887 1208 agitur,

584 1249 713 1295 non
759 1228 840 1293 de
879 1228 994 1294 illis
1032 1228 1256 1306 solum,
1301 1228 1411 1312 qui
1467 1229 1743 1310 singulos
1801 1231 1969 1296 vitae
2025 1236 2205 1311 actus
2262 1233 2454 1298 tutari
2518 1232 2961 1298 credebantur.
3046 1251 3196 1298 nam
3241 1232 3616 1314 indigitandi
3661 1233 3886 1314 indigi-

588 1341 1151 1419 tamentorumque
1192 1336 1523 1416 vocabula,
1571 1341 1641 1402 ut
1685 1357 1724 1403 a
1768 1340 2199 1420 grammaticis
2243 1340 2395 1405 nihil
2441 1339 2613 1404 aliud
2656 1338 3007 1422 significare
3050 1339 3351 1404 dicuntur
3393 1341 3508 1405 nisi
3552 1339 3884 1423 imprecari

585 1447 701 1510 aut
743 1443 1219 1510 incantamenta
1239 1442 1310 1524 1),
1367 1444 1455 1509 ita
1512 1449 1623 1509 aut
1680 1445 1744 1509 in
1800 1446 2164 1512 universum
2223 1447 2305 1512 de
2364 1447 2729 1528 precatione
2770 1445 3219 1528 adhibentur-²)
3279 1454 3390 1511 aut
3434 1446 3516 1511 de
3556 1446 3886 1514 cuiuslibet

586 1550 686 1615 dei
733 1539 1163 1616 invocatione:
1208 1569 1357 1616 nam
1402 1552 1563 1616 inter
1607 1570 1736 1632 sex,
1776 1571 1941 1634 quos
1982 1557 2303 1635 computo,
2351 1553 2523 1619 locos
2564 1553 2724 1620 duos
2767 1554 3039 1635 invenio,
3096 1554 3203 1619 ubi
3246 1554 3327 1619 de
3373 1554 3683 1637 Apollinis
3725 1555 3888 1620 indi-

587 1657 886 1738 gitatione
930 1656 1139 1738 agitur
1184 1653 1396 1740 (Macr.
1440 1658 1504 1722 S.
1548 1655 1582 1722 1
1618 1658 1714 1739 17,
1777 1659 1871 1723 15.
1925 1660 2160 1724 Arnob.
2209 1660 2260 1724 II
2304 1659 2430 1739 73),
2487 1660 2787 1742 singulos,
2832 1661 3063 1744 quibus
3110 1661 3290 1727 Bona
3335 1662 3453 1727 dea
3496 1661 3712 1744 (Macr.
3756 1661 3819 1726 S.
3860 1662 3887 1726 I

592 1765 686 1843 12,
728 1764 854 1843 21),
901 1763 1234 1829 Tiberinus
1265 1764 1465 1847 (δεῖν.
1499 1766 1659 1829 Aen.
1692 1764 1826 1831 VIII
1857 1763 2023 1848 330),
2070 1765 2304 1832 Genius
2334 1767 2625 1849 (Censor.
2671 1768 2729 1844 3,
2774 1766 2868 1849 2),
2908 1767 3214 1834 Numeria
3246 1768 3474 1852 (Varro
3503 1769 3675 1852 apud
3721 1768 3883 1835 Non.

586 1892 648 1955 p.
693 1869 840 1954 352)
898 1890 1043 1937 cum
1102 1871 1729 1952 indigitamentorum
1789 1874 2112 1939 mentione
2167 1874 2672 1958 coniunguntur;
2731 1895 2808 1939 ex
2863 1862 2964 1939 his'
3000 1880 3217 1940 autem
3271 1877 3408 1942 sola
3461 1876 3762 1943 Numeria
3802 1877 3883 1941 ad

586 1980 852 2044 numina
895 1979 1001 2043 illa
1039 1978 1356 2061 specialia,
1404 1982 1473 2043 ut
1513 1979 1712 2044 verbo
1753 1984 1917 2059 utar,
1960 1982 2253 2063 pertinet.
2340 2002 2547 2066 neque
2584 1981 2782 2046 ullum
2817 1983 3003 2048 video
3046 1983 3370 2061 indicium,
3413 2003 3542 2067 quo
3586 1985 3887 2067 probetur

587 2087 1067 2168 indigitamenta
1120 2085 1289 2150 aliud
1340 2083 1710 2169 quicquam'
1742 2087 2124 2168 significasse
2163 2092 2356 2172 atque
2413 2091 2843 2173 precationum
2895 2091 3217 2169 formulas,
3260 2090 3491 2174 quibus
3547 2109 3768 2156 omnes
3824 2090 3886 2155 di

587 2198 651 2259 et
697 2193 908 2274 magni
954 2192 1034 2257 illi
1079 2211 1156 2257 ac
1196 2194 1557 2275 sempiterni
1602 2197 1667 2258 et
1711 2193 1936 2259 minuti
1977 2195 2075 2260 isti
2117 2215 2194 2261 ac
2232 2197 2470 2279 proprii
2516 2197 2798 2263 invocari
2841 2198 3165 2274 solebant;
3213 2217 3361 2262 nam
3392 2216 3601 2281 neque
3634 2198 3890 2263 Servius

586 2300 840 2382 (Georg.
885 2299 910 2365 1
952 2295 1057 2380 21)
1116 2318 1323 2383 neque
1385 2298 1771 2366 Censorinus
1815 2302 1898 2382 (3,
1943 2299 2029 2384 4),
2085 2321 2230 2368 cum
2287 2323 2416 2381 θος,
2477 2304 2588 2387 qui
2646 2305 2728 2369 de
2786 2305 2880 2369 dis
2935 2324 3093 2370 arva
3150 2305 3474 2371 tuentibus
3517 2309 3631 2398 aut
3671 2305 3752 2371 de
3792 2305 3887 2370 dis

589 2408 920 2472 hominum
965 2407 1161 2471 vitam
1206 2426 1322 2490 pro
1363 2410 1650 2490 portione
1688 2409 2290 2475 adminiculantibus
2331 2411 2518 2493 plura
2573 2413 2730 2476 scire
2784 2413 3063 2495 cupiant,
3122 2412 3206 2478 ad
3258 2413 3885 2494 indigitamentorum

588 2515 778 2580 libros
826 2513 1132 2596 relegant,
1176 2512 1291 2577 hos
1331 2514 1415 2578 nil
1460 2515 1575 2578 nisi
1617 2515 1679 2579 id
1725 2533 1927 2596 genus
1974 2517 2237 2581 numina
2280 2518 2644 2601 complexos
2684 2538 2818 2583 esse
2861 2523 3196 2584 testantur.
3279 2518 3475 2584 imm'o
3522 2519 3669 2584 inde
3713 2521 3886 2602 quod

484 2637 485 2642 ’
581 2621 937 2688 ‘doctorum
987 2619 1245 2688 litterae'
1291 2622 1374 2685 ab
1409 2623 1694 2688 Arnobio
1734 2622 1815 2703 (II
1857 2622 1962 2705 73)
2008 2623 2339 2706 adlegatae
2370 2625 2680 2707 Apollinis
2723 2644 2955 2690 nomen
2999 2627 3083 2691 ab
3111 2625 3599 2706 indigitamentis
3637 2625 3887 2691 Numae

558 2721 749 2811 'regis
803 2729 1021 2794 abesse
1078 2727 1479 2793 adnotabant
1533 2729 1807 2812 indeque
1868 2730 2055 2795 huius
2111 2730 2212 2796 dei
2272 2731 2633 2813 religionem
2678 2732 3041 2798 Romanam
3106 2734 3517 2797 recentiorem
3563 2751 3700 2797 esse
3734 2752 3885 2798 con-

589 2836 889 2916 ligebant,
946 2855 1065 2918 pro
1122 2839 1296 2902 certo
1351 2836 1656 2919 sequitur,
1716 2858 1751 2902 e
1809 2837 2088 2902 virorum
2144 2838 2476 2904 doctorum
2516 2839 2847 2904 ‘sententia
2899 2839 3382 2921 indigitamenta
3440 2858 3662 2904 omnes
3711 2840 3885 2917 deoS,

590 2943 698 3027 qui
753 2943 1007 3027 quidem
1074 2947 1210 3008 tum
1272 2943 1667 3022 colebantur,
1739 2945 2289 3028 comprehendisse
2370 2965 2488 3011 nec
2559 2946 2808 3012 diversa
2874 2946 3062 3009 fuisse
3135 2964 3175 3009 a
3248 2943 3885 3027 ‘comprecationibus

589 3048 856 3115 deorum
901 3050 1393 3127 immortalium'‚
1438 3069 1600 3134 quas
1643 3071 1679 3116 e
1718 3052 2093 3135 pontificum
2139 3053 2310 3117 libris
2353 3053 2626 3118 advocat
2667 3051 2898 3118 Gellius
2939 3052 3078 3117 XIII
3120 3053 3219 3132 23,
3271 3054 3322 3117 1.

839 3180 967 3246 Sed
1028 3200 1252 3246 vereor
1313 3202 1390 3247 ne
1449 3183 1672 3262 longus
1735 3184 1956 3247 fuerim
2021 3183 2080 3247 in
2140 3203 2208 3247 re
2252 3188 2474 3266 aperta
2522 3202 2638 3248 nec
2684 3182 2968 3266 profecto
3013 3187 3146 3247 tam
3192 3183 3466 3247 ubertim
3514 3184 3729 3248 omnia
3775 3203 3883 3248 ex-

590 3289 971 3374 posuissem,
1034 3289 1151 3355 nisi
1204 3290 1529 3374 postulare
1575 3291 1703 3356 visa
1747 3294 1906 3356 esset
1949 3310 2168 3357 eorum
2215 3292 2531 3369 virorum,
2589 3291 2695 3374 qui
2736 3290 2929 3356 falsae
2973 3292 3325 3356 sententiae
3367 3310 3434 3355 se
3482 3290 3885 3371 addixerunt,

591 3399 951 3462 auctoritas.
1036 3397 1291 3463 discisso
1350 3398 1539 3479 igitur
1596 3399 1770 3482 quod
1822 3399 2127 3479 indigetes
2170 3419 2313 3464 cum
2364 3398 2852 3480 indigitamentis
2898 3400 3286 3479 coniungere
3327 3400 3707 3463 credebatur
3749 3399 3886 3464 vin-

589 3504 733 3569 culo
753 3504 837 3585 ⁸),
896 3505 976 3569 de
1032 3504 1411 3587 indigetibus
1468 3505 1923 3588 quaerentibus
1983 3506 2465 3587 indigitamenta
2521 3510 2585 3570 et
2640 3507 3140 3587 indigitationem
3202 3507 3393 3570 missa
3454 3507 3718 3571 facimus
3763 3506 3883 3571 hoc

591 3611 865 3676 breviter
906 3611 1305 3688 adnotantes,
1356 3611 1451 3676 his
1495 3612 1756 3677 vocibus
1801 3611 1964 3676 bene
2005 3604 2341 3678 convenire
2384 3613 2868 3695 originationem
2912 3611 3419 3694 Corssenianam,
3466 3615 3574 3695 qui
3618 3614 3881 3678 verbum

588 3719 937 3802 *ind-&ere
989 3738 1028 3783 a
1087 3719 1301 3784 radice
1358 3718 1483 3802 aqh
1541 3719 1782 3783 derivat
1840 3719 1901 3782 in
1959 3720 2308 3803 ad-aqium,
2366 3722 2470 3786 aio
2525 3721 2611 3801 (b.
2656 3741 2709 3786 e.
2754 3721 2939 3805 ayio),
3003 3726 3346 3786 axamenta
3398 3720 3882 3805 (aq-samma)

592 3826 922 3907 perspicua
978 3823 1145 3907 (vide
1189 3845 1356 3909 quae
1400 3826 1758 3909 composuit
1799 3828 1891 3891 A.
1923 3826 2206 3893 Vanicek
2245 3826 2514 3911 Etymol.
2573 3827 2872 3893 Wo‘rterb.
2916 3828 2979 3892 d.
3024 3828 3133 3892 lat.
3180 3827 3460 3913 Spraclze
3503 3850 3559 3911 p.
3604 3830 3692 3907 9).
3790 3831 3884 3893 ἰη-

591 3932 869 4014 digetum
934 3951 1085 3996 vero
1145 3932 1523 3997 vocabulum
1586 3933 1757 3998 unde
1818 3936 2146 4016 proveniat
2208 3935 2452 3999 dudum
2525 3939 2692 4000 recte
2751 3935 2903 4000 vidit
2953 3934 3080 4000 Leo
3120 3935 3332 4019 Meyer
3375 3934 3548 4020 (Vyl.
3596 3937 3881 4001 Gramm.

591 4038 639 4103 ll
681 4039 834 4116 32ος
887 4039 963 4103 cf.
1009 4038 1239 4104 Kuhnii
1285 4039 1498 4103 annal.
1545 4040 1735 4122 lingu.
1784 4059 1991 4123 comp.
2035 4040 2176 4105 XIV
2210 4042 2335 4121 8⁴2),
2380 4062 2573 4125 quem
2618 4042 2750 4106 iure
2796 4043 2995 4106 secuti
3040 4046 3189 4106 sunt
3234 4042 3579 4109 Guilelmus
3638 4043 3877 4108 Clemm

591 4149 680 4227 (in
728 4146 800 4211 G.
842 4144 1037 4212 Curtii
1083 4147 1250 4211 stud.
1300 4146 1427 4211 VlIl
1477 4148 1608 4227 12),
1668 4147 2039 4212 Franciscus
2080 4148 2428 4213 Buecheler
2472 4146 2791 4230 (Grundr.
2835 4149 2898 4212 d.
2957 4148 3068 4213 lat.
3114 4148 3355 4217 Declin.
3418 4171 3477 4233 p.
3538 4148 3672 4232 12),
3741 4148 3880 4213 alii:

590 4254 911 4318 derivatur
968 4254 1136 4318 enim
1196 4272 1321 4318 vox
1375 4273 1415 4319 a
1472 4256 1932 4337 praepositione
1991 4255 2170 4337 mdc,
2216 4255 2378 4321 indu
2424 4260 2486 4320 et
2525 4275 2566 4321 a
2608 4256 2821 4321 radice
2855 4256 3061 4341 θεῶ),
3123 4257 3209 4320 ita
3254 4262 3323 4320 ut
3368 4257 3672 4337 indigetes
3715 4256 3879 4320 idem

588 4361 714 4424 sint
756 4363 954 4443 atque
993 4359 1377 4440 ἐνδογενεῖς,
1432 4360 1555 4425 hoc
1596 4365 1687 4425 est
1729 4358 2078 4442 ἐπιχώριοι,
2115 4358 2534 4443 αὐτόχθονες.
2622 4382 2831 4446 neque
2875 4364 3174 4429 abhorret
3218 4364 3303 4428 ab
3348 4364 3470 4428 hoc
3534 4362 3880 4446 veriloquio

589 4467 722 4549 ipse
778 4466 1069 4531 vocabuli
1128 4486 1278 4531 usus
1334 4467 1506 4549 apud
1565 4471 1784 4550 poetas
1825 4467 2156 4533 Romanos
2204 4470 2375 4535 haud
2433 4470 2830 4553 infrequens,
2895 4472 3002 4552 qui
3062 4472 3302 4553 patrios
3364 4470 3515 4534 deos
3576 4470 3883 4550 indigetes

588 4573 971 4654 coniungere
1027 4573 1230 4638 solent
1283 4592 1427 4638 curn
1487 4576 1809 4639 mentione
1853 4576 2188 4640 numinum
2233 4576 2800 4641 vetustissimorum
2848 4577 3144 4659 urbisque
3189 4576 3625 4641 conditorum:
3686 4577 3774 4640 sic
3817 4578 3879 4640 in

590 4681 946 4762 fragmento
1004 4681 1231 4745 veteris
1285 4680 1545 4745 alicuius
1603 4686 1864 4764 poetae,
1925 4681 1989 4746 ni
2046 4682 2230 4747 fallor
2288 4682 2506 4762 Ennii,
2570 4685 2740 4766 apud
2797 4683 3169 4749 Diomedem
3218 4704 3279 4767 p.
3319 4684 3463 4763 476,
3508 4684 3582 4748 17
3628 4686 3880 4749 servato

824 4937 873 5003 l)
923 4936 1080 4993 Paul.
1120 4956 1173 5008 p.
1212 4939 1340 5005 1143
1389 4937 1642 4993 similiter
1688 4938 1909 4994 Servius
1956 4957 2079 4994 cum
2125 4941 2196 4995 ad
2246 4942 2383 4996 Aen.
2436 4941 2568 4996 VIII
2609 4940 2711 4995 330
2757 4940 3070 4996 Tiberinum
3121 4958 3156 4996 a.
3202 4939 3548 5010 pontificibus
3588 4939 3877 5010 indigitari

589 5018 808 5085 dixerit,
843 5023 911 5078 de
949 5025 1136 5078 eadem
1173 5041 1232 5079 re
1259 5025 1412 5080 nullo
1443 5042 1630 5080 sensus
1662 5024 1972 5081 discrimine
1996 5026 2125 5082 VIII
2150 5028 2215 5081 31
2248 5029 2307 5082 in
2338 5029 2514 5084 sacris
2550 5028 2635 5082 ait
2669 5034 2914 5095 vocatur,
2951 5026 3080 5081 VIII
3115 5027 3182 5080 72
3213 5029 3501 5084 invocatur
3531 5030 3590 5084 in
3609 5027 3878 5100 precibus.

830 5124 883 5191 2)
921 5122 1152 5179 TertulL
1189 5126 1257 5180 de
1288 5124 1456 5180 ieiun.
1501 5127 1562 5182 16
1600 5130 1678 5197 (p.
1715 5127 1835 5193 295,
1871 5127 1937 5185 25
1975 5127 2187 5199 Vind.):
2218 5146 2431 5199 precem
2466 5129 2783 5202 indigitant,
2820 5132 3056 5187 hostiam
3090 5133 3423 5187 instaurant.
3502 5198 3510 5207 ,

829 5227 885 5295 3)
934 5225 999 5281 In
1047 5228 1295 5300 margine
1339 5230 1607 5285 adnotare
1654 5229 1872 5286 iuvabit
1918 5232 2088 5286 etiam
2125 5233 2327 5287 formas
2364 5232 2755 5287 vocabulorum
2791 5234 2876 5288 ita
2913 5233 3152 5290 diversas
3187 5252 3331 5298 esse,
3383 5238 3447 5290 ut.
3481 5235 3724 5290 omnium
3763 5235 3879 5293 fere

586 5312 914 5383 scriptorum
943 5316 1154 5372 codices
1177 5320 1276 5373 aut
1304 5334 1490 5374 omnes
1517 5321 1617 5372 aut
1643 5318 1839 5386 optimi
1869 5317 1990 5386 pari
2015 5317 2327 5372 constantia
2354 5320 2659 5388 praebeant
2690 5322 2748 5374 et
2773 5319 3030 5399 indiyito,
3063 5320 3482 5393 indiqitamenta
3512 5325 3571 5377 et
3595 5322 3879 5393 indiqetes.
