5100 6625
2761 755 2764 758 ’
2861 739 2992 805 VllI

1273 920 1489 981 tamen
1535 920 1739 982 totum
1789 933 2046 983 carmen
2092 918 2173 982 ad
2219 919 2534 983 sincerum
2584 918 2844 999 fontem,
2889 917 3081 983 libros
3122 918 3411 983 videlicet
3453 919 3826 1002 pontificios,
3875 920 4077 986 redire
4122 920 4256 1003 ipsa
4297 921 4434 986 eius
4480 922 4577 986 in-

1274 1025 1449 1091 doles
1491 1029 1787 1093 testatum
1852 1027 2005 1091 deos
2061 1045 2347 1090 summos
2405 1025 2650 1108 priscae
2693 1024 3008 1106 religionis
3050 1023 3263 1089 lovem
3309 1023 3579 1091 Martem
3619 1025 3951 1104 Quirinum
4002 1027 4319 1109 praecedit
4359 1027 4573 1106 Ianus,

1274 1135 1375 1198 cui
1417 1134 1479 1199 in
1524 1134 1821 1199 omnibus
1862 1133 2179 1198 sacrificiis
2220 1134 2427 1216 prima
2471 1132 2825 1197 nominatio
2870 1131 3156 1212 debetur,
3209 1137 3567 1216 sequuntur
3609 1134 3874 1198 numina
3931 1132 4150 1198 bellica
4209 1134 4467 1200 Bellona
4508 1141 4572 1200 et

1273 1240 1468 1306 Lares
1522 1242 1779 1317 (scilicet
1825 1241 2182 1320 militares),
2242 1239 2472 1305 deinde
2530 1243 2676 1323 post
2731 1238 3064 1321 specialem
3121 1239 3586 1305 invocationem
3642 1240 3928 1323 sequitur
3985 1241 4320 1322 generaliS‚
4376 1261 4573 1325 quam

1276 1349 1436 1414 ritus
1491 1350 1827 1415 Romanus
1880 1347 2202 1430 poscebat,
2253 1348 2338 1411 ita
2398 1346 2705 1423 instituta,
2763 1349 2832 1410 ut
2888 1345 3299 1411 nominentur
3348 1353 3412 1411 et
3465 1346 3529 1411 di
3586 1347 3804 1430 populi
3858 1347 4134 1412 Romani
4182 1367 4404 1413 omnes
4445 1349 4578 1412 sive

1276 1457 1467 1539 patrii
1507 1456 1620 1520 sivi
1663 1456 1978 1537 recepticii
2018 1458 2081 1519 et
2123 1453 2390 1519 numina
2434 1454 2725 1518 universa
2765 1452 2896 1517 sive
2938 1453 3238 1518 Romana
3277 1456 3407 1518 sive
3453 1454 3732 1531 hostilia3
3779 1474 4011 1536 agmen
4058 1454 4365 1521 claudunt
4409 1455 4450 1519 ii
4492 1456 4575 1534 di,

1276 1563 1511 1646 quibus
1554 1564 1758 1646 ipsum
1806 1565 2027 1627 votum
2069 1561 2162 1638 fit,
2205 1560 2419 1626 Tellus
2461 1560 2653 1643 dique
2699 1578 2937 1625 manes.
3021 1560 3286 1625 alteram
3321 1565 3634 1643 cognatae
3678 1561 3903 1626 indolis
3945 1561 4286 1627 formulam
4334 1563 4578 1645 primus

1278 1670 1400 1735 huc
1459 1670 1774 1752 adlegavit
1845 1669 2202 1735 Ludovicus
2260 1666 2532 1744 Preller‚
2591 1666 2698 1749 qui
2762 1671 2977 1731 tamen
3037 1666 3366 1732 dimidium
3425 1671 3675 1733 tantum
3735 1669 3866 1733 veri
3930 1669 4102 1734 vidit.
4201 1670 4262 1733 in
4319 1668 4576 1733 Diodori

1275 1778 1508 1842 scilicet
1550 1779 1859 1861 excerptis
1896 1775 2215 1841 Vaticanis
2255 1774 2570 1855 (XXXVII
2622 1775 2688 1839 11
2736 1773 2919 1838 Dind.
2957 1802 3037 1826 ===
3073 1773 3362 1840 XXXVII
3411 1776 3485 1840 17
3527 1775 3744 1856 Bekk.)
3786 1795 3932 1840 cum
3973 1774 4133 1841 falsa
4174 1775 4578 1858 inscriptione

1278 1883 1463 1967 ὅρκος
1514 1884 1853 1949 Φιλίππου
1898 1882 2293 1949 iurisiurandi
2356 1881 2622 1947 formula
2667 1882 2955 1958 traditur,
3000 1901 3129 1965 quo
3172 1881 3360 1947 ltalici
3405 1882 3486 1947 M.
3526 1882 3702 1948 Livio
3737 1882 3945 1949 Druso
3981 1903 4118 1948 sese
4172 1883 4577 1961 obstrinxisse

1279 1993 1666 2073 ferebantur,
1712 1992 1795 2056 ab
1842 1992 1938 2056 his
1983 1990 2186 2056 verbis
2231 1989 2566 2072 incipiens:
2612 1983 2852 2070 ὄμνυμι
2892 1988 3011 2051 τὸν
3050 1993 3180 2053 Δία
3221 1989 3342 2053 τὸν
3385 1990 3809 2054 Καπετώλιον
3849 1992 3958 2055 καὶ
4001 1990 4122 2079 τήν
4165 1990 4427 2055 Ἑστίαν
4466 1992 4579 2074 τῆς

1276 2096 1510 2185 Ῥώμης
1546 2101 1655 2164 καὶ
1695 2099 1813 2163 τόν
1868 2100 2175 2179 πατρῷον
2221 2095 2421 2182 αὐτῆς
2458 2093 2654 2180 ’Ἄρην
2709 2096 2819 2159 καὶ
2878 2095 2995 2160 τόν
3049 2093 3365 2179 γενάρχην
3409 2096 3736 2162 Ἐνυάλιον
3793 2099 3903 2178 (sic
3961 2100 4193 2165 codicis
4242 2099 4575 2163 lectionem

1255 2207 1487 2275 ι’Ἠλιινν
1521 2208 1764 2290 egregie
1798 2206 2159 2271 emendavit
2187 2204 2527 2285 Prellerus)
2569 2204 2677 2267 καὶ
2717 2203 2840 2292 τήν
2880 2202 3200 2287 εὐεργέτιν
3234 2202 3411 2287 ζῴων
3448 2228 3521 2268 τε
3562 2207 3671 2269 καὶ
3713 2208 3940 2290 φυτῶν
3981 2210 4136 2293 Γῆν,
4179 2209 4274 2271 ἔτι
4313 2207 4391 2270 δὲ
4430 2204 4581 2282 τούς

1278 2320 1542 2389 κτίστας
1580 2322 2030 2397 γεγενημένους
2070 2315 2184 2397 τῆς
2233 2310 2473 2396 Ῥώμης
2523 2311 2836 2396 ἡμιθέους
2884 2313 2993 2374 καὶ
3045 2311 3196 2386 τούς
3252 2312 3791 2397 συι·αυξήσαντας
3831 2314 3951 2401 τήν
3990 2313 4338 2396 ἡγεμονίαν
4380 2313 4580 2397 αὐτῆς

1280 2420 1512 2506 ἥρωας.
1599 2422 1701 2487 hic
1745 2440 2003 2505 quoque
2046 2420 2245 2504 probe
2290 2421 2729 2484 discernuntur
2766 2403 3195 2485 invocationes
3231 2423 3294 2484 et
3335 2420 3617 2503 specialis
3657 2425 3722 2484 et
3757 2421 4084 2501 generalis,
4126 2422 4325 2486 altera
4362 2420 4576 2486 Iovem

1280 2530 1354 2595 Ο.
1396 2529 1501 2608 M.‚
1563 2529 1816 2594 Vestam
1875 2549 1937 2611 p.
1991 2529 2071 2594 R.
2125 2527 2483 2606 Quiritium,
2548 2527 2818 2591 Martem
2882 2533 3151 2610 patrem,
3208 2528 3542 2607 Quirinum
3604 2534 3870 2613 patrem,
3926 2527 4243 2594 Tellurem
4303 2532 4576 2593 matrem

1283 2636 1633 2719 complexa,
1689 2637 1888 2701 altera
1933 2636 2062 2700 duo
2106 2635 2367 2699 deorum
2410 2653 2642 2714 genera
2664 2634 2709 2714 1)
2753 2634 3061 2714 indicanS,
3118 2655 3393 2718 quorum
3438 2637 3706 2701 alterum
3754 2635 4070 2700 Prellerus
4113 2636 4340 2719 (myth.
4385 2633 4573 2699 Rom.

1283 2744 1303 2809 l
1349 2743 1458 2824 93)
1514 2748 1628 2809 aut
1671 2743 1863 2808 Lares
1920 2742 2245 2824 praestites
2305 2761 2366 2824 p.
2413 2742 2490 2805 R.
2555 2760 2693 2804 esse
2748 2742 2989 2805 censuit
3045 2747 3157 2806 aut
3214 2742 3367 2806 deos
3422 2748 3681 2823 penates
3736 2743 4039 2825 publicOS‚
4098 2742 4368 2806 alterum
4425 2742 4577 2805 deos

1283 2851 1618 2931 indigetes;
1663 2850 1773 2915 sed
1816 2848 2087 2929 neglexit
2130 2849 2224 2911 vir
2268 2848 2490 2912 doctus
2532 2848 2695 2911 inter
2735 2867 2804 2911 se
2835 2848 3070 2930 opponi
3103 2847 3254 2921 τούς
3292 2854 3558 2923 κτίστας
3599 2854 3663 2914 et
3700 2849 3850 2922 τούς
3893 2848 4432 2930 συναυξήσαντας
4467 2847 4576 2925 ita,

1285 2965 1357 3024 ut
1399 2959 1576 3024 alteri
1623 2957 1917 3021 dicantur
1962 2956 2182 3019 urbem
2231 2954 2586 3018 condidisse
2631 2956 2693 3018 et
2750 2953 2898 3017 inde
2953 2955 3038 3018 ab
3098 2956 3269 3020 initio
3326 2956 3576 3034 rexisse,
3637 2956 3816 3020 alteri
3877 2975 4004 3020 non
4066 2954 4420 3037 primordiis
4464 2953 4576 3017 sed

1285 3067 1683 3131 incrementis
1739 3066 1990 3129 tantum
2052 3062 2294 3143 imperii
2357 3060 2721 3142 praefuisse,
2782 3061 2883 3125 cui
2942 3060 3321 3127 distinctioni
3363 3062 3498 3127 sola
3543 3061 3809 3126 deorum
3855 3062 4198 3143 indigetum
4249 3059 4578 3142 (κτιστῶν)

1281 3179 1338 3238 et
1400 3172 1815 3239 novensidum
1876 3163 2481 3251 (σρναυξησάντων)
2539 3168 2801 3232 nomina
2859 3171 3260 3246 conveniunt,
3321 3189 3360 3233 a
3413 3188 3642 3250 graeco
3685 3169 3991 3251 scriptore
4033 3167 4384 3232 seeundum
4424 3187 4579 3233 con-

1281 3278 1680 3345 suetudinem
1726 3295 1918 3360 supra
1965 3277 2046 3359 (p.
2094 3275 2198 3357 Vl)
2240 3279 2661 3340 memoratam
2710 3275 2772 3339 in
2816 3272 3109 3359 ἡμιθέων
3153 3280 3215 3341 et
3257 3273 3481 3360 ἡρώων
3524 3294 3792 3342 numero
3837 3276 4192 3368 conlocata.
4659 3260 4663 3264 ⁴

1525 3362 1809 3451 Tertium
1870 3403 1983 3467 per
2050 3383 2486 3449 coniecturam
2553 3383 2726 3448 addo
2789 3383 3215 3448 testimonium
3280 3386 3528 3449 serioris
3591 3383 3912 3465 scriptoris
3981 3385 4065 3449 ab
4132 3384 4579 3466 interpretibus

1283 3493 1671 3558 nostratibus
1726 3491 1998 3555 multum
2057 3494 2377 3556 vexatum.
2475 3489 2904 3554 Tertullianus
2966 3489 3049 3555 ad
3115 3494 3246 3555 nat.
3306 3490 3357 3555 ΙΙ
3414 3493 3453 3556 9
3518 3494 3602 3574 (p.
3672 3492 3822 3570 111,
3880 3491 3982 3567 13)
4040 3492 4250 3556 varias
4308 3490 4576 3554 deorum

1285 3600 1722 3666 Romanorum
1771 3598 2201 3663 distinctiones
2258 3603 2319 3661 et
2378 3616 2615 3677 genera
2669 3615 2938 3679 carpens
2979 3598 3060 3663 ad
3108 3584 3542 3662 communium
3589 3602 3651 3662 et
3697 3598 4094 3681 propriorum
4140 3598 4408 3661 deorum
4452 3596 4578 3659 dis-

1283 3708 1517 3771 crimen
1559 3700 2025 3771 inlu'strandum
2076 3705 2196 3769 hoc
2243 3703 2468 3782 adfert,
2513 3703 2733 3768 eodem
2779 3704 2910 3768 fere
2951 3723 3139 3769 sensu
3189 3706 3377 3769 etiam
3425 3705 3707 3786 publicos
3751 3710 3811 3768 et
3856 3706 4243 3769 adventicios
4287 3703 4578 3782 discerni,

1283 3814 1453 3897 quod
1498 3831 1649 3878 arae
1692 3813 1962 3877 doceant
2009 3811 2508 3876 adventiciorum
2555 3811 2636 3875 ad
2692 3811 2913 3877 fanum
2959 3811 3230 3890 Garnae,
3274 3811 3666 3893 publicorum
3713 3812 3777 3875 in
3813 3811 4079 3877 Palatio.
4167 3831 4335 3895 quae
4382 3811 4576 3874 verba

1282 3921 1385 3985 vix
1423 3919 1719 3985 credibile
1759 3926 1853 3983 est
1912 3918 2007 3982 vel
2051 3917 2542 3982 Ambrosehium
2587 3918 2793 3993 (Stud.
2856 3941 2919 3982 u.
2960 3918 3237 3984 Audeat.
3294 3939 3356 4002 p.
3407 3920 3541 3983 165.
3589 3919 3751 4000 190),
3802 3939 3992 4003 quem
4054 3919 4338 4000 sequitur
4380 3936 4438 3981 v.
4483 3935 4574 3996 gr.

1289 4027 1368 4093 Ο.
1408 4027 1646 4107 Gilbert
1691 4025 1938 4103 (Gesch.
1979 4046 2042 4089 u.
2080 4024 2341 4109 Topoqr.
2388 4024 2450 4089 d.
2490 4023 2678 4091 Stadt
2719 4025 2877 4091 Rom
2910 4026 2961 4090 Il
3004 4046 3065 4108 p.
3105 4026 3232 4103 43),
3271 4027 3358 4090 ita
3394 4026 3727 4109 accepisse,
3770 4026 3947 4109 quasi
3982 4026 4266 4089 omnium
4308 4024 4574 4088 deorum

1283 4136 1676 4220 publicorum
1713 4132 1925 4213 religio
1965 4133 2026 4194 in
2058 4130 2352 4195 Palatino
2382 4137 2620 4211 monte,
2664 4132 3165 4198 adventiciorum
3204 4133 3490 4198 omnium
3531 4134 3591 4195 in
3632 4131 3847 4196 Caelio
3880 4167 3960 4177 —
3998 4132 4080 4195 ibi
4123 4131 4290 4194 enim
4327 4129 4577 4194 Carnae

1528 4366 1578 4431 1)
1618 4364 1737 4418 Duo
1772 4360 1998 4417 deorum
2049 4379 2255 4432 genera
2303 4361 2574 4434 distingui
2623 4364 2856 4418 iteratus
2904 4363 3171 4419 articulus
3206 4361 3337 4425 τοὺς
3372 4365 3557 4429 docet.;
3606 4366 3755 4417 errat
3803 4361 3977 4432 igitur
4014 4362 4381 4416 Mommsenus
4419 4358 4578 4417 Βόα.

1288 4455 1519 4509 Staatar.
1556 4450 1602 4505 11
1646 4467 1700 4520 p.
1737 4447 1836 4502 783
1874 4448 2002 4503 adn.
2036 4449 2069 4502 4
2105 4448 2242 4503 haec
2279 4447 2497 4503 dicens:
2538 4450 2664 4505 Far
2696 4449 2786 4504 die
2821 4451 2991 4506 altere
3026 4449 3402 4518 Eideesormez
3433 4453 3511 4505 ist
3543 4452 3683 4505 auch
3718 4449 3807 4505 die
3842 4449 3941 4503 der
3972 4449 4204 4505 Italiker
4237 4447 4322 4503 bei
4358 4445 4581 4501 Diodor
4673 4510 4676 4511 ⁷

1294 4541 1417 4595 Vat.
1444 4556 1503 4608 p.
1539 4541 1648 4592 128
1682 4552 1751 4590 zu
1785 4535 2133 4605 verqleichem
2161 4551 2245 4590 wo
2278 4534 2368 4589 die
2402 4536 2484 4591 als
2514 4536 2790 4601 ,Ge-ander
2817 4537 2934 4593 und
2971 4537 3194 4592 Mehrer
3229 4539 3417 4594 Roms‘
3452 4539 3815 4592 bezeichneten
3844 4535 4176 4607 Halbqotter
4205 4533 4295 4588 die
4333 4534 4580 4588 Penaten

1281 4623 1422 4680 sind.
1492 4627 1736 4677 ceterum
1774 4624 1958 4674 utrum
1998 4620 2100 4675 hoc
2137 4619 2517 4676 iusiurandum
2568 4639 2626 4676 re
2677 4639 2809 4678 vera
2854 4621 2925 4676 ab
2978 4621 3185 4679 Italicis
3220 4621 3638 4692 pronuntiatum
3677 4623 3751 4678 sit
3785 4639 3955 4678 necne
3990 4621 4080 4676 bic
4114 4637 4221 4676 non
4258 4618 4577 4689 quaen-itum

1284 4728 1409 4765 nam
1451 4709 1618 4764 etiam
1656 4708 1701 4762 si
1738 4708 1923 4763 fictum
1961 4712 2061 4772 est,
2096 4724 2222 4762 eum
2259 4707 2353 4777 qui
2390 4708 2655 4764 confinxit.
2701 4706 2936 4776 priscam
2987 4709 3342 4763 iurisiurandi
3383 4709 3615 4763 Romani
3665 4708 3955 4764 formulam
3994 4705 4308 4762 adhibuisse
4344 4706 4578 4761 constat..

1281 4815 1392 4852 non
1445 4814 1573 4851 vero
1621 4796 1913 4866 persuadet
1960 4795 2233 4850 Hem-icus
2270 4795 2468 4851 Nissen
2520 4795 2697 4867 (apud
2745 4797 2804 4851 Ε.
2856 4796 3072 4851 Marcks
3120 4797 3231 4852 Dic
3277 4796 3715 4866 Ueberlicserimy
3757 4795 3853 4850 dea
3889 4793 4581 4863 Bundesqenossenkrieqea

1290 4902 1341 4952 p.
1379 4886 1467 4955 21)
1503 4882 1647 4937 inter
1677 4881 1905 4937 numina
1942 4881 2196 4936 invocata
2232 4888 2291 4938 et
2330 4883 2605 4937 Romanos
2640 4886 2699 4938 et.
2746 4881 3019 4955 sociorum
3050 4884 3179 4938 deos
3219 4883 3301 4937 ita
3345 4882 3705 4953 distinguens,
3755 4885 3820 4936 ut
3860 4881 4040 4936 Solem
4096 4875 4355 4951 (Ἥλιον),
4404 4878 4576 4949 Opem

1208 4976 1213 4981 '
1284 4970 1453 5043 (Γῆν)
1485 4979 1544 5025 et.
1594 4965 1722 5030 τοὺς
1765 4967 2208 5042 συναυξῆσαντας
2259 4964 2362 5041 τὴν
2419 4965 2730 5042 ἡγεμονίαν
2782 4965 2955 5043 αὐτῆς
3002 4966 3183 5044 ἥρωας
3230 4969 3439 5024 Italicis
3491 4969 3731 5034 tribuat;
3786 4987 3914 5025 nam
3965 4968 4011 5023 si
4066 4969 4371 5037 utriusque,
4433 4981 4578 5035 quae

1281 5057 1622 5128 sponsionem
1664 5056 1813 5122 iacit,
1853 5056 2029 5128 partis
2075 5056 2305 5111 numina
2341 5056 2600 5113 invocata
2646 5060 2841 5123 essent,
2892 5074 3002 5111 non
3056 5057 3296 5127 potuisse
3343 5057 3508 5113 talem
3553 5056 3610 5111 in
3661 5057 3882 5113 modum
3930 5054 4196 5111 confusim
4249 5053 4581 5115 enumerari.

1283 5146 1377 5201 sed
1424 5143 1724 5214 separatim
1781 5146 2043 5213 utrosque
2104 5146 2381 5215 ponendos
2433 5144 2597 5200 fuisse
2654 5144 2813 5201 docet.
2863 5144 3096 5200 foederis
3152 5144 3299 5200 inter
3347 5143 3712 5203 Hannibalem
3760 5142 4188 5213 Philippumque
4226 5141 4579 5197 Macedonem

1287 5231 1421 5287 facti
1459 5231 1671 5303 (Polyb.
1712 5233 1815 5288 Vll
1853 5233 1903 5300 9,
1939 5235 1987 5289 2.
2025 5236 2078 5302 3)
2116 5232 2472 5303 comparatio,
2509 5234 2581 5288 ad
2618 5250 2781 5302 quam
2817 5232 2938 5301 ipse
2971 5230 3235 5289 Nissenus
3271 5235 3550 5301 provocat.
