5100 6625
2845 700 2962 766 xa

1249 874 1533 943 Castoris
1588 877 1813 955 aeden
1873 896 2031 946 nam
2083 878 2378 961 qumvis
2431 878 2596 943 haec
2650 897 2880 959 graeca
2935 878 3068 944 sint
3118 878 3424 957 numina,
3473 881 3690 944 tanen
3750 898 3880 946 non
3939 879 4028 947 ab
4079 882 4229 964 ipsis
4287 880 4546 950 Graecis

1251 985 1549 1050 amata
1604 989 1755 1050 sunt
1811 1003 1933 1052 nec
1981 986 2355 1050 curantibus
2409 984 2782 1050 decemviris
2830 1003 3156 1051 aecrorum
3207 985 3630 1069 inspectisque
3687 985 3861 1051 libris
3910 986 4239 1068 fatalibus,
4293 989 4410 1055 sed
4465 1010 4548 1057 ex

1250 1091 1499 1174 oppidis
1548 1089 1709 1158 Latii
1762 1091 2012 1170 vicinia,
2069 1109 2109 1155 a
2153 1089 2522 1156 Tiburtibus
2566 1089 2904 1167 Hercules,
2958 1090 3183 1157 Castor
3229 1095 3291 1157 et
3333 1091 3562 1159 Pollux
3599 1110 3642 1158 a
3684 1092 4072 1160 Tusculanis.
4172 1100 4342 1163 recte
4393 1116 4546 1162 vero

1251 1196 1509 1262 Verrius
1547 1195 1817 1262 Flaccus
1870 1216 2101 1279 graeca
2156 1196 2263 1262 illa
2318 1216 2502 1264 sacra
2559 1216 2674 1279 per
2726 1215 2952 1280 pacem
3002 1199 3202 1281 petita
3256 1218 3391 1265 esse
3445 1199 3863 1277 iudicaverat,
3916 1198 4038 1267 hoc
4089 1206 4184 1268 est
4235 1202 4544 1286 Apollinis

1249 1302 1496 1369 Cereris
1516 1303 1879 1387 Aesculapii
1909 1322 2089 1369 sacra
2122 1302 2423 1369 Romana
2448 1299 2883 1386 ἀφιδρύματα
2929 1305 3118 1370 fuisse
3144 1302 3580 1374 Cumanorum
3611 1305 4000 1373 Ennensium
4035 1307 4544 1391 Epidauriorum,

1250 1410 1481 1475 itiiuria
1537 1414 1754 1475 autem
1813 1409 2027 1476 Italica
2085 1410 2350 1476 numina
2406 1411 2590 1476 aliter
2644 1415 2840 1492 atque
2893 1431 3006 1493 per
3061 1412 3468 1477 evocationes
3527 1412 3772 1495 oppidis
3829 1415 4208 1497 expugnatis
4264 1415 4539 1482 Romam

1252 1516 1509 1582 conlata
1565 1536 1703 1582 esse
1753 1521 2131 1599 negaverat,
2188 1536 2336 1582 cum
2380 1517 2658 1583 dubitari
2711 1521 3021 1601 nequeat,
3078 1517 3232 1600 quin
3273 1518 3653 1601 oppidorum
3717 1520 3988 1586 nominis
4027 1520 4238 1587 Latini
4292 1522 4354 1587 di
4417 1523 4542 1589 iam

1251 1629 1354 1691 sat
1408 1628 1686 1710 antiquis
1743 1627 2136 1710 temporibus
2189 1646 2303 1711 per
2355 1627 2812 1692 commercium
2852 1627 3130 1692 Romam
3187 1626 3472 1691 translati
3529 1627 3654 1691 sint
3710 1626 3923 1710 ibique
3979 1626 4230 1711 publice
4288 1630 4544 1712 recepti.

1249 1733 1337 1797 ita
1392 1739 1646 1817 praeter
1696 1732 2059 1799 Tiburtium
2115 1732 2752 1815 Tusculanorumque
2814 1753 2995 1799 sacra
3055 1734 3252 1799 modo
3305 1739 3664 1799 memorata
3718 1735 3936 1799 omnia
3988 1734 4115 1799 fere
4171 1734 4541 1802 Latinarum

1249 1840 1506 1905 urbium
1548 1841 1815 1905 numina
1844 1840 2095 1905 Romae
2136 1846 2506 1906 consecrata
2553 1841 2738 1906 fuisse
2777 1840 3024 1921 sdmus,
3067 1841 3390 1905 Aricinam
3427 1840 3718 1917 Dianam,
3763 1840 4179 1906 Ardeatinam
4212 1840 4544 1921 Venerem,

1248 1947 1731 2012 Praenestinam
1798 1950 1889 2024 (et
1954 1947 2225 2013 tortasse
2291 1949 2483 2013 etiarn
2559 1947 2910 2028 Antiatem)
2977 1946 3361 2024 Fortunam,
3437 1946 3838 2012 lanuvinam
3894 1946 4237 2025 Iunonem,
4314 1947 4546 2031 quibus

1248 2054 1563 2120 accedunt
1637 2054 2017 2137 oppidorum
2099 2054 2502 2121 Etruscorum
2590 2055 2653 2118 di
2728 2054 2973 2119 evocati
3045 2054 3398 2119 Veientium
3469 2053 3630 2118 Iuno
3703 2053 3949 2136 Regina
3970 2103 3985 2132 ,
4062 2054 4543 2120 Volsiniensium

1250 2161 1679 2241 VortumnuS,
1737 2159 2121 2225 Faliscorum
2165 2160 2484 2238 Minerva,
2544 2159 2963 2243 Capenatium
3012 2159 3298 2225 Feronia.
3382 2161 3469 2225 sie
3526 2165 3843 2226 crescente
3892 2161 4162 2227 civitatis
4207 2161 4546 2227 Romanae

1250 2269 1496 2333 ambitu
1541 2268 1605 2331 in
1652 2267 1786 2331 dies
1826 2268 2186 2350 augebatur
2227 2267 2493 2332 deorum
2543 2266 2964 2332 novensidum
3010 2286 3337 2344 numerus,
3389 2268 3497 2332 sed
3544 2268 3649 2348 ita,
3693 2272 3764 2333 ut
3803 2268 3971 2332 ultra
4014 2268 4170 2334 Latii
4213 2267 4438 2332 veteris
4477 2271 4541 2332 et

1250 2374 1540 2439 Etruriae
1594 2374 2025 2440 meridionalis
2078 2374 2344 2460 fineslin
2398 2374 2770 2456 recipiendis
2827 2372 3294 2456 evocandisque
3340 2374 3716 2457 oppidorum
3776 2374 4040 2456 imperio
4096 2374 4539 2440 adiuncturum

1252 2480 1623 2545 numinibus
1670 2500 1800 2545 non
1860 2481 2304 2563 procederent:
2365 2500 2718 2564 numquam
2777 2480 2948 2544 enim
3003 2481 3237 2563 recepti
3294 2485 3444 2544 sunt
3488 2500 3546 2543 v.
3587 2499 3679 2561 gr.
3724 2479 4000 2562 Iuppiter
4040 2482 4265 2545 Anxur
4304 2479 4540 2545 Tarra-

1250 2588 1616 2664 cinensium,
1662 2587 1915 2669 Angitia
1943 2586 2323 2665 Marsorum,
2362 2587 2626 2652 Vacuna
2655 2587 3073 2652 Reatinorum
3109 2587 3248 2662 alii3
3289 2587 3461 2668 quod
3500 2606 3630 2651 non
3669 2588 3885 2652 inutile
3917 2587 4168 2652 videtur
4201 2587 4539 2666 monuisse,

1251 2694 1402 2777 quia
1445 2694 1713 2757 similem
1770 2693 1833 2757 in
1878 2694 2143 2758 modum
2187 2695 2250 2758 in
2305 2694 2645 2759 tribuendo
2689 2694 2822 2758 iure
2866 2692 3185 2758 Caeritum
3231 2693 3404 2776 quod
3447 2698 3712 2758 vocatur
3754 2693 4083 2758 Romanos
4129 2697 4337 2758 certos
4379 2692 4539 2759 fines

1250 2820 1380 2866 non
1423 2820 1705 2882 egressos
1747 2819 1885 2865 esse
1922 2801 2282 2866 observavit
2319 2800 2694 2866 Theodorus
2732 2800 3084 2866 Mommsen
3129 2799 3432 2883 (Staatsr.
3481 2799 3558 2864 111
3601 2799 3772 2882 575).

2837 3073 2948 3142 ῙΠ

1496 3207 1723 3272 Restat
1776 3211 1847 3272 ut
1901 3207 1966 3270 in
2024 3206 2151 3274 fine
2210 3207 2762 3273 commentationis
2819 3208 3040 3290 paucis
3095 3209 3304 3274 verbis
3360 3207 3741 3289 significem,
3803 3208 4128 3292 quomodo
4186 3208 4532 3290 indigetum

1248 3315 1794 3397 novensidumque
1835 3315 2100 3380 deorum
2141 3316 2476 3381 discrimen
2534 3317 2597 3380 in
2654 3320 2905 3382 tantam
2970 3314 3356 3381 oblivionem
3417 3315 3671 3383 abierit.
3727 3319 3800 3380 ut
3851 3316 4199 3398 posteriore
4250 3334 4420 3382 aevo.
4452 3314 4536 3380 ab

1249 3422 1547 3487 omnibus
1576 3421 1705 3486 fere
1734 3423 2100 3487 nesciretur.
2177 3423 2350 3505 quod
2386 3423 2527 3488 ideo
2563 3422 2799 3487 factum
2837 3427 2949 3503 est,
2982 3423 3158 3506 quod
3191 3423 3336 3487 inde
3368 3441 3406 3486 a
3441 3422 3699 3487 secundi
3732 3421 3874 3486 belli
3896 3421 4118 3487 Punici
4144 3421 4536 3504 temporibus

1250 3529 1516 3593 numina
1560 3547 1789 3610 graeca
1831 3532 1895 3593 et
1944 3529 2176 3606 latina,
2233 3531 2441 3611 patria
2493 3533 2556 3593 et
2611 3530 2946 3612 peregrina
2988 3529 3236 3594 diverso
3280 3530 3413 3593 iure
3465 3547 3645 3594 sacro
3700 3528 3790 3592 uti
3847 3528 3911 3592 in
3968 3529 4232 3595 summis
4276 3528 4534 3613 quidem

1250 3635 1441 3701 rebus
1500 3635 1841 3701 desierunt.
1957 3654 2333 3717 graecarum
2393 3637 2565 3701 enim
2624 3636 2998 3719 religionum
3064 3637 3407 3701 auctoritas
3470 3635 3596 3699 iarn
3657 3639 3808 3700 ante
3872 3654 3911 3699 a
3975 3635 4286 3701 Romanis
4346 3654 4534 3718 saepe

1248 3744 1548 3809 arcessita
1592 3743 1807 3825 primis
1850 3741 1997 3806 belli
2030 3741 2430 3808 Hannibalici
2473 3745 2692 3820 anniS‚
2749 3745 2983 3826 quibus
3027 3743 3305 3808 Romani
3362 3742 3712 3825 patriorum
3752 3741 4017 3807 deorum
4073 3741 4308 3807 tutelae
4350 3740 4535 3807 diffisi

1248 3850 1537 3932 undique
1595 3849 1808 3915 divina
1868 3849 2102 3915 auxilia
2159 3850 2777 3933 circumspiciebant,
2840 3854 2929 3916 ita
2982 3870 3117 3915 sese
3172 3852 3527 3933 penetravit
3585 3849 3650 3913 in
3705 3848 3946 3914 cultum
4004 3848 4399 3927 Romanum,
4464 3852 4535 3913 ut

1247 3956 1464 4025 omnia
1506 3954 1789 4021 funditus
1834 3959 2162 4021 everteret.
2247 3956 2448 4021 altero
2505 3959 2674 4023 enim
2718 3958 2908 4023 huius
2961 3957 3104 4022 belli
3157 3976 3332 4021 anno
3376 3955 3521 4038 (537
3563 3976 3624 4020 u.
3671 3955 3750 4034 c.)
3808 3956 4088 4038 primum
4144 3955 4406 4034 accidit,
4462 3959 4534 4020 ut

1247 4061 1584 4131 decemviri
1626 4081 1945 4127 sacrorum
1994 4062 2287 4144 inspectis
2328 4063 2502 4130 libris
2542 4083 2672 4129 non
2731 4066 2856 4130 iam
2915 4085 2982 4130 se
3036 4066 3434 4131 continerent
3490 4064 3554 4128 in
3599 4064 3837 4144 graecis
3893 4062 4255 4128 numinibus
4302 4081 4531 4144 graeco

1247 4171 1373 4235 ritu
1410 4167 1755 4250 placandis
1794 4167 1906 4232 sed
1949 4166 2115 4232 ultra
2148 4187 2297 4232 suos
2335 4169 2492 4233 fines
2537 4169 2849 4252 progressi
2885 4170 2980 4235 dis
3017 4168 3323 4235 Romanis
3367 4173 3429 4235 et
3458 4168 3684 4235 Italicis
3726 4169 3895 4234 dona
3939 4169 4168 4234 darent
4206 4174 4269 4234 et
4304 4188 4533 4252 graeco

1246 4278 1370 4341 ritu
1413 4274 1859 4350 sacrificarent,
1902 4273 2030 4339 Iovi
2066 4275 2295 4341 Iunoni
2324 4275 2647 4343 Minervae
2678 4277 2773 4343 dis
2814 4275 3198 4360 Capitolinis,
3244 4276 3468 4342 Iunoni
3507 4276 3792 4357 Reginae
3831 4276 3896 4340 in
3933 4276 4272 4354 Aventin0‚
4308 4276 4530 4341 Iunoni

1244 4382 1536 4463 Sospitae
1592 4381 1895 4458 Lanuvii,
1944 4381 2282 4464 Feroniae,
2344 4383 2566 4448 Veneri
2622 4384 2876 4450 Ardeae
2932 4386 2996 4451 in
3051 4385 3203 4450 foro.
3305 4402 3495 4466 porro
3557 4387 3696 4447 tum
3758 4382 4033 4465 primum
4097 4382 4198 4447 dei
4251 4382 4530 4448 Romani

1245 4489 1535 4569 indigetis
1573 4488 1831 4554 Saturni
1874 4487 2065 4553 feriae
2110 4493 2394 4555 vetustae
2446 4490 2529 4555 ad
2573 4510 2804 4573 graeca
2860 4492 3149 4575 exempla
3192 4491 3282 4557 ita
3325 4491 3657 4554 immutata
3698 4493 3882 4566 sunt,
3943 4492 4012 4553 ut
4059 4487 4527 4565 lectisternium,

1244 4594 1603 4660 convivium
1656 4595 2017 4677 publicum,
2076 4599 2394 4675 παννυχίς
2452 4597 2843 4663 adderentur
2900 4599 3188 4681 aliaeque
3242 4597 3661 4661 caerimoniae
3718 4614 3761 4659 a
3817 4596 4024 4677 prisca
4081 4594 4523 4659 Romanorum

1244 4701 1545 4783 religione
1601 4704 1735 4766 toto
1794 4702 1969 4766 caelo
2024 4700 2230 4766 aliena
2248 4702 2315 4781 ¹).
2415 4706 2485 4767 ut
2538 4705 2727 4785 igitur
2782 4704 2905 4769 hac
2960 4705 3204 4770 ratione
3251 4703 3531 4769 Romani
3588 4701 3926 4786 graecique
3984 4701 4138 4764 ritus
4190 4700 4525 4764 discrimen

1246 4807 1505 4885 tollitur,
1550 4808 1638 4872 ita
1679 4808 1904 4872 eodem
1945 4826 2118 4873 anno
2156 4808 2349 4874 etiam
2391 4809 2510 4887 lex,
2556 4829 2723 4893 quae
2758 4811 2972 4877 adhuc
3013 4829 3248 4893 graeca
3285 4808 3525 4891 templa
3551 4827 3594 4873 a
3620 4809 3902 4890 pomerio
3944 4806 4199 4872 exulare
4246 4806 4526 4887 iubebat,

1244 4915 1672 4997 perrumpitur
1711 4914 1873 4979 votis
1914 4933 1950 4979 e
1990 4919 2336 4999 praecepto
2386 4916 2692 4982 librorum
2736 4917 3186 5001 Sibyllinorum
3240 4916 3307 4991 in
3350 4916 3486 4999 ipso
3528 4914 3838 4997 Capitolio
3881 4912 4105 4978 Mentis
4163 4917 4226 4977 et
4269 4911 4528 4977 Veneris

1488 5111 1539 5177 l)
1571 5108 1686 5165 Liv.
1723 5110 1881 5166 XXII
1924 5112 1971 5178 1,
1993 5113 2059 5167 17
2077 5130 2195 5182 sqq.
2260 5113 2327 5169 cf.
2363 5113 2493 5169 xxl
2528 5114 2613 5179 62,
2634 5118 2666 5168 7
2686 5131 2805 5184 sqq.
2870 5113 3203 5179 Saturnalia,
3237 5110 3429 5181 qualia
3463 5111 3682 5167 saeculo
3716 5110 3868 5166 urbis
3899 5112 4054 5166 sexto
4086 5108 4528 5174 celebrabantur,

1242 5210 1441 5266 graeco
1476 5196 1592 5249 ritu
1630 5195 1782 5252 facta
1817 5215 1932 5254 ease
1967 5198 2169 5255 diserte
2203 5201 2444 5255 testatur
2478 5200 2617 5256 Cato
2649 5201 2799 5271 apud
2835 5199 3172 5255 Prisciannm
3208 5198 3342 5254 vm
3375 5217 3430 5270 p.
3463 5199 3582 5254 877.
