5100 6625
2201 700 2287 765 XI

615 885 692 950 14
722 881 905 967 sqq).
987 883 1050 945 et
1098 900 1169 945 re
1208 898 1360 944 vera
1405 879 1608 944 multo
1648 878 1833 944 latius
1873 879 2046 963 apud
2088 880 2421 947 Romanos
2461 879 2621 944 haec
2662 878 2928 944 deorum
2974 878 3162 944 series
3203 877 3466 961 patebat
3508 894 3703 960 quam
3746 874 3906 940 alibi

612 992 1046 1074 originemque
1083 987 1355 1051 duxerat
1397 1006 1433 1050 e
1475 989 1749 1066 cognato
1793 986 2236 1051 Romanorum
2293 1005 2470 1052 more
2523 1005 2736 1063 sacro,
2792 985 3074 1068 singulos
3130 984 3293 1074 deos·
3338 983 3606 1066 propriis
3662 1000 3902 1065 cogno-

607 1098 884 1163 minibus
927 1094 1186 1159 adiectis
1231 1093 1314 1157 ita
1352 1092 1619 1170 variare,
1662 1095 1731 1156 ut
1771 1091 2030 1157 diversis
2062 1092 2324 1157 aedibus
2359 1094 2564 1157 arisve
2601 1091 2667 1156 in
2703 1092 2863 1157 urbe
2901 1090 3321 1157 celebraretur
3353 1089 3633 1173 Iuppiter
3667 1089 3898 1155 Elicius

606 1204 922 1270 Feretrius
975 1199 1213 1281 Fulgur
1271 1198 1521 1276 Stator,
1587 1198 1744 1263 luno
1795 1197 2027 1264 Curitis
2075 1198 2317 1264 Lucina
2366 1197 2624 1264 Moneta
2674 1198 2927 1281 Sospita
2976 1199 3256 1280 Regina,
3313 1196 3618 1263 Hercules
3668 1196 3898 1262 Custos

607 1312 929 1377 Musarum
971 1306 1219 1383 Victor,
1271 1305 1376 1370 alii
1419 1304 1733 1388 permulti.
1816 1324 2003 1388 saepe
2047 1305 2214 1369 enim
2258 1324 2386 1369 non
2430 1306 2637 1371 solum
2681 1306 2984 1389 peculiari
3024 1305 3403 1387 cognomine
3446 1304 3642 1370 deum
3682 1302 3900 1367 distin·

609 1417 911 1499 guebant‚
955 1413 1069 1478 sed
1110 1413 1301 1478 etiam
1348 1412 1549 1496 ipsam
1589 1432 1731 1477 eam
1769 1411 1869 1478 dei
1905 1413 2224 1489 virtutem,
2268 1430 2437 1494 quae
2474 1413 2868 1494 cognominis
2909 1431 3101 1478 causa
3147 1413 3370 1492 fuerat,
3414 1410 3900 1477 consecrabant.

609 1525 698 1587 sic
736 1517 1032 1604 luppiter,
1078 1521 1184 1603 qui
1232 1518 1487 1584 foedera
1530 1518 1793 1583 fulmine
1834 1520 2055 1595 sancit,
2099 1518 2162 1584 in
2199 1518 2503 1597 Quirinali
2544 1518 2703 1584 colle
2730 1519 2953 1584 colitur
2979 1519 3135 1583 Dius
3164 1518 3394 1597 Fidius,
3436 1516 3559 1583 hoc
3603 1519 3696 1581 est
3735 1514 3900 1590 Ζεύς

610 1635 897 1705 marm,
937 1625 1441 1709 cognominatus,
1481 1625 1545 1690 in
1582 1623 1892 1708 Capitolio
1921 1644 2072 1689 vero
2102 1625 2231 1689 Iovi
2267 1644 2521 1690 summo
2553 1626 2788 1691 vicinas
2823 1624 3011 1690 aedes
3043 1626 3182 1707 ipsa
3212 1623 3394 1688 Fides
3434 1623 3559 1688 dea
3591 1626 3896 1705 occupat3

614 1735 840 1801 Victori
894 1734 1021 1799 lovi
1078 1732 1244 1799 bello
1287 1732 1634 1798 Samnitico
1675 1751 1734 1797 a.
1778 1751 1840 1796 u.
1886 1751 1939 1796 c.
1981 1732 2104 1797 459
2155 1732 2377 1797 aedem
2436 1732 2609 1797 vovit
2664 1730 2740 1809 Q.
2784 1730 3016 1796 Fabius
3059 1729 3372 1796 Maximus
3421 1729 3678 1809 consul,
3729 1749 3898 1815 quae

609 1842 721 1908 ubi
775 1843 894 1907 sita
958 1840 1143 1906 fuerit
1198 1840 1515 1904 nescimus
1538 1839 1621 1918 ¹),
1683 1840 1747 1903 in
1804 1838 2098 1908 Palatino
2159 1843 2374 1903 autem
2434 1843 2652 1903 monte
2708 1839 2830 1903 sub
2886 1839 3053 1903 idem
3118 1839 3247 1904 fere
3306 1842 3559 1921 tempus
3615 1842 3679 1903 et
3735 1837 3903 1903 Iovis

609 1949 925 2028 (Statoris)
966 1947 1160 2013 aedes
1189 1946 1478 2011 dedicata
1521 1948 1614 2010 est
1656 1950 1720 2010 et
1758 1944 2070 2010 Victoriae
2111 1945 2266 2026 (Liv.
2304 1944 2365 2009 X
2398 1946 2496 2023 33,
2517 1947 2573 2010 9.
2615 1946 2870 2026 36,11);
2915 1945 3228 2011 Venerem
3261 1944 3438 2010 Sulla
3473 1946 3902 2011 venerabatur

609 2057 880 2122 Felicem
901 2103 917 2132 ‚
970 2052 1085 2120 Cn.
1129 2053 1469 2135 Pompeius
1513 2052 1878 2134 Victricem,
1939 2053 2049 2117 sed
2103 2052 2207 2117 hic
2249 2052 2473 2117 Veneri
2517 2052 2767 2117 Victrici
2818 2052 3171 2134 adiungens
3212 2051 3632 2130 Felicitatem,
3687 2071 3900 2135 neque

610 2164 792 2229 aliter
831 2161 898 2227 C.
939 2160 1132 2226 Iulius
1174 2158 1426 2237 Caesar,
1468 2160 1573 2243 qui
1618 2159 1740 2224 sub
1782 2158 2123 2225 Genetricis
2165 2159 2346 2224 titulo
2391 2159 2698 2224 Venerem
2742 2160 3173 2238 consecrabat,
3216 2159 3512 2224 comitem
3556 2159 3612 2224 ei
3655 2158 3902 2224 addidit

611 2269 948 2335 Victoriam
1008 2268 1268 2333 Veneris
1328 2267 1603 2332 Victricis
1662 2266 1924 2349 Pompei
1985 2264 2159 2330 haud
2218 2266 2556 2331 immemor
2616 2267 2720 2346 (cf.
2783 2267 3233 2330 commentatio
3300 2285 3444 2331 mea
3509 2268 3588 2331 de
3647 2265 3906 2333 Veneris

612 2376 960 2442 simulacris
1015 2375 1325 2440 Romanis
1383 2395 1443 2457 p.
1486 2374 1612 2453 22).
1712 2378 1877 2438 recte
1938 2373 2128 2454 igitur
2185 2372 2331 2437 novi
2388 2374 2688 2437 dicuntur
2747 2373 2809 2437 hi
2863 2373 2961 2464 di,
3018 2375 3251 2456 quippe
3292 2374 3400 2457 qui
3458 2393 3584 2439 non
3640 2394 3904 2457 peregre

613 2485 833 2549 adsciti
872 2484 1030 2561 sint,
1084 2483 1192 2547 sed
1236 2502 1313 2547 ex
1352 2481 1611 2546 arbitrio
1651 2480 2079 2547 dedicantium
2125 2480 2395 2558 inventi,
2450 2481 2762 2562 probante
2803 2479 3091 2543 videlicet
3131 2483 3360 2545 senatu
3405 2516 3481 2526 —
3526 2500 3676 2545 nam
3721 2483 3905 2548 aliter

613 2592 831 2657 civitas
894 2607 1059 2654 nova
1123 2589 1417 2669 religione
1478 2588 1783 2669 obstringi
1844 2587 2063 2670 nequit
2127 2586 2506 2664 (Mommsen
2565 2586 2838 2652 Staatsr.
2900 2585 2980 2652 111
3040 2587 3222 2667 1050)
3285 2621 3356 2632 -
3417 2591 3480 2652 et
3537 2589 3777 2653 vocatis
3837 2590 3904 2655 in

615 2697 975 2775 consilium,
1019 2697 1068 2760 si
1112 2715 1211 2759 res
1253 2694 1530 2772 ferebat,
1575 2693 1994 2777 pontificibus.

866 2803 1127 2868 Diversa
1191 2805 1289 2866 est
1351 2820 1674 2865 sacrorum
1744 2799 2243 2864 adventiciorum
2306 2798 2625 2876 condic10‚
2697 2799 2775 2863 de
2835 2799 3064 2883 quibus
3130 2801 3282 2884 quid
3345 2800 3733 2883 pontificium
3809 2801 3907 2866 ius

614 2912 901 2978 statuerit
943 2909 1224 2992 inprimis
1266 2927 1344 2972 ex
1387 2906 1548 2971 Festi
1596 2909 1682 2989 (p.
1714 2906 1861 2989 237)
1905 2905 2112 2970 verbis
2155 2906 2448 2989 quamvis
2491 2904 2754 2969 exilibus
2812 2925 3019 2989 neque
3062 2926 3274 2971 errore
3312 2909 3529 2972 vacuis
3570 2908 3906 2972 discimus:

613 3018 954 3102 pereyrina
998 3036 1188 3090 sacra
1233 3014 1435 3095 inquit
1478 3012 1905 3098 appellantur,
1948 3034 2108 3099 quae
2146 3017 2260 3077 aut
2295 3014 2567 3077 evocatis
2609 3014 2712 3078 dis
2754 3014 2825 3077 in
2857 3014 3302 3098 oppuqnandis
3341 3014 3602 3080 urbibus
3637 3014 3907 3080 Romam

615 3131 767 3192 sunt
808 3125 1054 3190 conlata
1110 3126 1363 3203 (conata
1410 3120 1573 3199 cod.,
1634 3120 1992 3185 emendavit
2033 3118 2479 3200 Gotbofredus)
2536 3125 2652 3183 aut
2702 3140 2863 3201 quae
2916 3119 2986 3184 ob
3042 3121 3354 3201 quasdam
3410 3123 3742 3205 reliqiones
3789 3143 3912 3207 per

609 3253 833 3317 pacem
865 3237 1013 3295 suut
1030 3229 1254 3315 petita,
1286 3233 1356 3291 ut
1392 3247 1466 3290 ex
1499 3225 1787 3309 Phryyia
1815 3225 2064 3290 Matris
2094 3225 2396 3307 Maynae,
2434 3244 2510 3290 ex
2540 3225 2818 3290 Graecia
2856 3225 3119 3307 Cerei-ia,
3156 3225 3494 3307 Epidauro
3529 3229 3911 3313 Aesculapi,-

617 3362 778 3423 quae
819 3338 1112 3404 coluntur
1144 3357 1355 3401 eorum
1384 3356 1556 3400 more
1587 3356 1629 3398 a
1658 3334 1881 3420 quibus
1913 3340 2065 3398 sunt
2096 3339 2367 3414 accepta.
2454 3333 2679 3416 quodsi
2723 3353 2801 3397 eo
2835 3333 3085 3399 differre
3126 3335 3218 3399 ait
3261 3335 3389 3398 duo
3429 3337 3906 3418 peregrinorum

615 3465 944 3512 sacrorum
988 3463 1239 3526 genera,
1283 3442 1457 3525 quod
1498 3441 1663 3508 bello
1698 3444 2062 3523 expugnata
2104 3440 2230 3504 sint
2271 3440 2491 3517 altera,
2536 3439 2737 3505 altera
2779 3460 2894 3523 per
2935 3461 3156 3524 pacem
3204 3443 3517 3519 arcessita,
3562 3444 3912 3528 principale

617 3553 704 3639 rei
740 3551 1074 3617 discrimen
1124 3569 1253 3615 non
1298 3549 1635 3614 adsecutus
1677 3550 1809 3612 est:
1850 3566 2000 3611 nam
2040 3546 2329 3629 exempla
2362 3566 2403 3611 a
2429 3545 2614 3611 Festo
2660 3546 2874 3611 adlata
2919 3547 3359 3613 demonstrant
3395 3550 3664 3614 alterum
3707 3571 3913 3634 genus

620 3679 748 3723 non
792 3658 1114 3723 continere
1158 3656 1274 3720 nisi
1324 3674 1591 3737 graecae
1634 3654 1889 3734 originis
1930 3673 2143 3731 sacra,
2201 3653 2282 3717 ad
2336 3654 2507 3736 prius
2545 3653 2737 3734 igitur
2781 3654 3111 3719 referenda
3154 3661 3340 3721 erunt
3392 3676 3830 3740 quaecumque
3873 3679 3910 3724 e

622 3765 993 3830 Latinorum
1051 3762 1587 3846 finitimarumque
1646 3761 1979 3826 nationum
2037 3758 2439 3840 religionibus
2480 3759 2756 3824 Romani
2808 3760 3232 3827 adsciverunt.
3318 3783 3466 3828 nam
3510 3783 3640 3830 non
3684 3766 3914 3830 eodem

622 3873 756 3938 iure
810 3871 1056 3936 Romae
1123 3889 1265 3934 usos
1321 3887 1454 3932 esse
1522 3866 1673 3932 deos
1733 3886 1769 3931 e
1827 3866 2063 3930 Latinis
2125 3866 2369 3948 oppidis
2429 3866 2762 3930 arcessitos
2820 3870 2884 3930 et
2943 3868 3208 3933 numina
3264 3869 3678 3935 suadentibus
3739 3871 3913 3936 libris

624 3976 942 4061 Sibyllinis
981 3998 1015 4041 e
1062 3975 1326 4042 Graecia
1368 3975 1567 4039 accita
1622 3972 1769 4039 inde
1821 3973 2103 4055 inprimis
2152 3973 2558 4054 perspicitur,
2616 3975 2787 4056 quod
2845 3975 3003 4040 haec
3054 3986 3121 4041 et
3176 3975 3262 4040 ab
3312 3977 3564 4059 reliquis
3625 3978 3915 4044 seiuncta

624 4085 1052 4150 decemvirum
1110 4082 1302 4148 sacris
1360 4081 1670 4147 faciundis
1724 4099 1919 4144 curae
1974 4078 2373 4144 subiciuntur
2421 4084 2484 4144 et
2541 4080 2712 4145 intra·
2763 4082 3116 4165 pomerium
3173 4082 3289 4147 coli
3346 4088 3646 4148 vetantur
3665 4081 3747 4166 ¹¹),
3807 4085 3918 4150 illa

628 4191 978 4275 promiscue
1036 4208 1181 4254 cum
1224 4188 1665 4253 Romanorum
1711 4185 1803 4250 dis
1860 4183 2239 4267 indigetibus
2279 4186 2504 4269 quovis
2561 4188 2735 4253 urbis
2790 4188 2928 4253 loco
2987 4192 3440 4254 consecrantur
3494 4195 3556 4253 et
3611 4195 3917 4257 curantur

629 4318 666 4363 a
713 4296 1113 4381 pontificibus
1130 4295 1201 4375 8).
1288 4314 1365 4358 ex
1408 4295 1530 4358 hac
1571 4312 1719 4374 ergo
1761 4292 1897 4374 lege
1940 4295 2118 4356 extra
2157 4292 2507 4374 pomerium
2555 4294 2920 4359 conlocatae
2962 4299 3112 4359 sunt
3154 4295 3236 4359 ad
3273 4297 3510 4360 circum
3562 4297 3914 4363 maximum

630 4406 819 4471 aedes
861 4402 1132 4483 CereriS,
1175 4400 1488 4481 Mercurii,
1528 4400 1778 4478 Florae,
1835 4399 1916 4464 ad
1961 4399 2286 4465 theatrum
2330 4398 2607 4465 Marcelli
2649 4401 2989 4483 ApolliniS,
3046 4401 3106 4465 in
3152 4401 3355 4466 insula
3400 4403 3792 4485 Aesculapii,
3850 4405 3915 4468 in

630 4530 859 4594 campo
900 4530 1014 4575 ara
1058 4508 1245 4587 Dilis,
1307 4509 1532 4573 contra
1582 4508 1747 4571 intra
1792 4505 2147 4588 pomerium
2195 4510 2259 4570 et
2302 4525 2411 4570 ara
2464 4509 2746 4572 maxima
2786 4506 3074 4572 Herculis
3119 4507 3292 4588 (Tac.
3339 4529 3488 4574 ann.
3534 4510 3649 4575 XII
3691 4510 3798 4591 24)
3853 4515 3918 4576 et

878 4741 928 4808 1)
965 4739 1084 4794 Hoc
1130 4741 1276 4793 recte
1325 4740 1513 4792 monet
1551 4739 1703 4790 Aem.
1751 4736 1906 4799 Aust,
1955 4734 2022 4790 de
2068 4734 2247 4790 aedib.
2297 4734 2464 4790 sacris
2517 4753 2569 4805 p.
2610 4735 2675 4789 12
2706 4735 2804 4791 Nr.
2837 4735 2923 4800 21,
2970 4751 3094 4790 cum
3145 4752 3290 4791 nunc
3336 4753 3555 4807 quoque
3592 4736 3653 4792 Ο.
3688 4737 3922 4794 Richter

640 4830 874 4898 Topoyr.
910 4845 962 4897 p.
998 4825 1101 4880 826
1136 4825 1192 4879 in
1229 4822 1446 4879 Palatio
1480 4823 1669 4878 aedem
1707 4821 1990 4879 conlocare
2024 4824 2241 4892 pergat.

880 4924 936 4990 2)
972 4919 1123 4985 Quae
1170 4919 1237 4972 de
1283 4917 1368 4971 dia
1420 4915 1720 4987 peregrinis
1765 4916 2012 4984 pomerio
2066 4914 2296 4970 exclusis
2341 4917 2468 4984 post
2502 4914 2917 4971 Ambroechium
2953 4916 3367 4984 Jordannmque
3403 4917 3563 4971 docet
3597 4917 3923 4988 Marquardt

639 5007 797 5062 Rom.
836 5006 1185 5061 Staatsvcrw.
1222 5004 1303 5059 llI
1337 5003 1403 5057 36
1438 5008 1586 5058 recte
1621 5002 1704 5057 ita
1739 5005 1955 5057 coercet
2001 5001 2103 5056 Th.
2140 5001 2438 5057 Mommsen
2489 5001 2708 5057 Hister.
2749 5002 3014 5057 Zeitschr.
3054 5002 3127 5057 N.
3167 5002 3236 5057 F.
3274 5002 3510 5057 XXVIII
3545 5004 3665 5068 405.
3715 5009 3780 5060 ut
3814 5006 3922 5063 bac

639 5091 763 5163 lege
798 5107 910 5146 non
946 5088 1241 5161 significari
1275 5089 1425 5144 dicat
1457 5089 1564 5145 nisi
1603 5089 1693 5144 die
1727 5107 1830 5145 aus
1863 5089 1982 5143 dem
2014 5088 2460 5158 sprachsremden
2494 5088 2776 5144 Aualandae
2809 5090 3249 5145 ubernommenen
3289 5089 3620 5147 Gottheitm.

881 5184 938 5254 8)
976 5184 1056 5240 Do
1100 5182 1449 5255 pontificibus
1493 5199 1766 5245 sacrorum
1813 5181 2229 5251 municipalium
2278 5182 2820 5239 administratoribus
2876 5182 2946 5237 cf.
2983 5182 3290 5238 Mommsen
3332 5183 3569 5240 Staatsr.
3608 5183 3689 5239 111
3725 5185 3828 5243 579
3854 5204 3924 5256 sq
