5100 6625
2846 817 2929 888 vl

1232 1000 1445 1065 Numa
1487 998 1836 1084 Pompilius
1876 1019 1988 1065 rex
2030 998 2231 1065 fertur
2269 998 2557 1083 spondeo
2603 999 2772 1064 melo
2812 1001 3049 1083 patrios
3093 1002 3376 1085 placasse
3419 1001 3727 1086 indigetes
3745 1002 3816 1083 1),
3863 1001 4170 1086 Vergilius
4213 1001 4466 1085 (Georg.
4511 1003 4539 1069 Ι

1226 1104 1384 1189 498)
1446 1107 1701 1172 invocat
1752 1106 1906 1172 deos
1958 1106 2199 1190 patrios
2255 1106 2563 1186 indigetes
2580 1106 2631 1186 ²)
2687 1110 2754 1171 et
2795 1106 3143 1173 Romulum
3188 1108 3575 1193 Vestamque
3617 1113 3887 1175 matrem
3932 1129 4210 1194 eumque
4253 1110 4536 1177 imitatus

1237 1211 1500 1279 Ovidius
1542 1211 1826 1295 (metam.
1869 1212 1985 1279 XV
2025 1214 2144 1278 861
2188 1213 2358 1298 sqq.)
2397 1213 2553 1278 deos
2594 1217 2897 1297 penates,
2940 1214 3096 1281 deos
3134 1215 3471 1298 indigetes,
3513 1215 3887 1296 Quirinum,
3927 1215 4230 1296 Martem,
4277 1215 4531 1282 Vestam

1236 1320 1395 1386 alios
1437 1320 1611 1399 deoS,
1655 1320 1829 1403 apud
1866 1320 2200 1386 Lucanum
2243 1319 2295 1402 (Ι
2320 1319 2472 1404 556)
2512 1320 2690 1386 urbis
2731 1320 2980 1388 Romae
3011 1321 3441 1389 calamitatem
3483 1322 3639 1388 fletu
3682 1323 4072 1406 portendunt
4114 1324 4176 1388 di
4209 1323 4535 1405 indigeteS,

1235 1427 1469 1494 sudore
1496 1427 1705 1509 Lares,
1750 1426 1921 1511 apud
1952 1427 2175 1492 Silium
2201 1427 2492 1494 Italicum
2527 1428 2613 1509 (X
2638 1429 2762 1494 432
2789 1431 2959 1513 sqq.)
3003 1428 3215 1514 Scipio
3260 1430 3427 1495 iurat
3466 1449 3582 1513 per
3608 1429 3821 1495 Iovem
3848 1427 4154 1497 lunonem
4181 1430 4534 1496 Minervam

1237 1534 1667 1619 indigetesque
1706 1535 1879 1611 deOS,
1921 1534 2217 1619 idemque
2261 1539 2452 1618 poeta
2494 1534 2609 1614 (IX
2636 1536 2757 1601 287
2787 1536 2957 1621 sqq.)
2999 1537 3064 1601 in
3108 1555 3326 1620 pugna
3352 1535 3671 1603 Cannensi
3699 1556 3739 1602 a
3769 1538 4214 1604 Romanorum
4245 1538 4536 1621 partibus

1237 1641 1609 1706 dimicantes
1662 1642 1810 1707 facit
1852 1640 2158 1720 Martem,
2201 1641 2599 1724 Apollinem,
2642 1642 3047 1727 Neptunum,
3092 1643 3402 1710 Venerem
3423 1692 3442 1724 ,
3485 1643 3740 1710 Vestam
3761 1694 3776 1722 ,
3818 1644 4188 1722 Herculem,
4234 1643 4537 1726 Cybelen,

1236 1748 1545 1831 indigetes
1587 1748 1768 1826 deos,
1812 1748 2138 1828 Faunum,
2183 1748 2554 1829 Quirinum,
2594 1748 2908 1816 Castores.
2989 1750 3286 1817 consulto
3328 1751 3697 1817 enumeravi
3741 1751 3990 1830 omnia,
4029 1756 4101 1815 ut
4143 1754 4424 1835 pateret,
4470 1752 4535 1815 in

1239 1860 1569 1939 poetarum
1630 1855 1920 1921 sollemni
1985 1875 2276 1922 sermone
2341 1856 2689 1939 indigetum
2751 1858 3015 1924 deorum
3075 1877 3313 1923 nomen
3370 1861 3737 1925 constanter
3789 1857 4080 1942 usurpari
4138 1876 4256 1940 pro
4312 1856 4535 1940 patriis

1237 1964 1640 2047 pristinisque
1695 1963 1866 2029 urbis
1920 1963 2173 2028 Romae
2229 1965 2634 2041 numinibus,
2692 1965 2844 2029 nihil
2900 1984 3053 2031 vero
3110 1965 3387 2032 indicare
3444 1969 3665 2049 poetas
3720 1964 3856 2029 illos
3915 1964 3997 2029 de
4052 1962 4350 2030 heroibus
4401 1961 4536 2028 sive

1239 2072 1531 2137 semideis
1573 2071 1915 2151 cogitasse:
1959 2070 2241 2154 plerique
2283 2072 2453 2136 enim
2501 2071 2850 2155 mythologi
2891 2074 3275 2139 recentiores
3315 2063 3461 2139 cum
3503 2077 3788 2138 veterum
3831 2072 4281 2138 nonnullorum
4323 2090 4535 2154 gram-

1238 2180 1616 2244 maticorum
1653 2177 1888 2262 placita
1907 2179 1958 2259 ⁸)
2003 2180 2199 2244 secuti
2240 2183 2305 2244 et
2334 2198 2707 2262 graecarum
2753 2180 3127 2262 religionum
3173 2180 3380 2246 fallaci
3422 2181 3900 2262 comparatione
3941 2179 4186 2263 decepti
4227 2180 4537 2262 indigetes

1238 2281 1475 2368 &omae
1505 2285 1840 2366 ἐγχωρίους
1903 2304 2041 2351 esse
2107 2286 2422 2365 dicerent,
2485 2286 2663 2351 obliti
2718 2291 2868 2352 sunt
2932 2287 3199 2353 deorum
3267 2291 3330 2352 et
3384 2287 3656 2352 heroum
3715 2287 4178 2352 distinctionem
4239 2305 4279 2351 a
4331 2286 4537 2369 prisca

1244 2392 1682 2458 Romanorum
1741 2397 1805 2457 et
1862 2392 2165 2458 Italorum
2228 2393 2527 2475 religione
2590 2394 2854 2459 omnino
2915 2393 3191 2459 alienam
3251 2413 3389 2458 esse
3434 2411 3647 2477 neque
3688 2392 4003 2458 semideos
4050 2394 4112 2457 in
4157 2411 4230 2457 ea
4276 2393 4538 2474 agnosci

1164 2566 1169 2571 ,
1241 2499 1359 2564 nisi
1399 2519 1439 2564 a
1483 2500 1913 2582 grammaticis
1954 2501 2486 2581 graecissantibus
2531 2505 2595 2566 et
2634 2500 3297 2584 etymologizantibuS,
3354 2502 3461 2584 qui
3504 2521 3565 2565 v.
3607 2519 3698 2581 gr.
3741 2518 4033 2563 semones
4075 2497 4539 2564 semi-homines

1244 2626 1380 2672 esse
1456 2607 1737 2672 dicerent
1810 2607 2173 2691 similesque
2259 2607 2530 2690 ineptias
2603 2607 3036 2688 contingerent
3106 2610 3191 2686 (v.
3263 2607 3499 2672 Jordan
3573 2606 3746 2671 Kra't.
3823 2605 4030 2670 Beitr.
4089 2625 4150 2688 p.
4210 2605 4335 2669 204
4387 2605 4535 2688 sq.).

1244 2712 1682 2797 complectitur
1722 2733 1874 2795 ergo
1916 2714 2179 2778 deorum
2228 2705 2576 2794 indigetum
2627 2733 2856 2778 nomen
2902 2713 3055 2779 deos
3097 2714 3424 2796 indigenas
3466 2732 3687 2777 omnes
3730 2731 3939 2795 neque
3969 2712 4092 2775 alia
4123 2712 4319 2776 utitur
4346 2709 4537 2791 signi-

1242 2820 1572 2898 ficatione,
1637 2839 1782 2885 cum
1848 2821 2107 2902 singulis
2166 2821 2528 2885 nominibus
2588 2820 2954 2885 attributive
3014 2820 3390 2902 adponitur:
3458 2819 3548 2883 sic
3603 2818 3705 2884 ille
3782 2817 4181 2883 Lavinatium
4258 2816 4537 2899 luppiter

1249 2927 1520 3008 indigeS,
1578 2928 1756 2992 cuius
1814 2946 2168 3006 cognomen
2225 2932 2446 3011 postea
2487 2927 2553 2991 in
2595 2928 2879 2992 Aeneam
2922 2928 3141 3004 cessit,
3201 2925 3367 2999 Ζεύς
3401 2925 3535 2990 fere
3576 2928 3875 3005 πατρῷος
3915 2929 4043 3002 est,
4101 2928 4162 2990 et
4203 2923 4312 2988 Sol
4357 2923 4537 3000 deus,

1246 3036 1420 3099 cuius
1462 3038 1712 3099 vetusta
1754 3037 1814 3097 in
1854 3035 2011 3099 colle
2041 3034 2349 3113 Quirinali
2385 3053 2570 3100 sacra
2602 3034 2913 3112 novimuS,
2956 3033 3227 3116 Augusti
3261 3036 3472 3099 aetate
3502 3032 3794 3114 indigetis
3820 3050 4175 3113 cognomen
4204 3025 4447 3112 accepit
4462 3029 4535 3110 ⁴),

1249 3148 1319 3207 ut
1359 3143 1556 3226 probe
1601 3143 2034 3207 dinosceretur
2089 3142 2174 3207 ab
2222 3142 2493 3206 externis
2535 3142 2631 3205 dis
2671 3141 3012 3219 solaribuS,
3070 3160 3347 3224 quorum
3390 3141 3516 3205 iam
3565 3144 3701 3233 tum
3746 3140 3954 3204 cultus
3998 3139 4244 3204 Romae
4284 3155 4538 3219 percre-

1248 3250 1535 3315 brescere
1594 3254 1892 3333 coeperat
1950 3252 2011 3313 et
2070 3250 2155 3314 ab
2213 3250 2349 3332 ipso
2406 3248 2790 3332 imperatore
2845 3248 3065 3332 positis
3121 3248 3243 3314 deo
3300 3246 3430 3313 Soli
3488 3247 3742 3313 duobus
3795 3244 4080 3313 obeliscis
4134 3244 4536 3329 aliquantum

1232 3356 1701 3438 adaugebatur.

1486 3464 1796 3547 Expedita
1853 3465 1979 3528 iam
2042 3463 2392 3544 indigetum
2451 3462 2717 3528 deorum
2775 3464 3286 3547 interpretatione
3338 3463 3420 3528 ad
3467 3461 3969 3528 novensides
4008 3459 4141 3524 sive
4181 3457 4540 3523 novensiles

1247 3590 1603 3655 pergamus,
1710 3590 1983 3654 quarum
2042 3570 2316 3635 nominis
2380 3571 2728 3636 formarum
2750 3569 2800 3652 ι5)
2861 3578 3009 3635 c'um
3069 3570 3339 3653 priorem
3400 3570 3780 3653 primitivam
3846 3587 3984 3633 esse
4038 3568 4320 3647 constet,
4379 3564 4535 3648 quin

1245 3679 1445 3745 altera
1488 3680 1658 3744 vocis
1705 3697 1849 3760 pars
1890 3697 1931 3742 a
1974 3676 2168 3742 verbo
2208 3675 2466 3741 sedendi
2508 3676 2861 3742 derivanda
2899 3678 2980 3742 sit
3022 3681 3203 3741 extra
3231 3677 3693 3742 dubitationem
3741 3675 4014 3758 positum
4050 3677 4177 3749 est3
4222 3672 4286 3736 in
4327 3671 4536 3755 priore

1246 3806 1397 3851 vero
1437 3790 1622 3868 parte
1664 3784 2039 3867 explicanda
2083 3784 2147 3848 in
2191 3784 2356 3849 duas
2401 3788 2615 3867 partes
2659 3783 3079 3850 discesserunt
3106 3783 3501 3863 grammatici
3538 3787 3602 3848 et
3640 3787 3881 3848 veteres
3911 3784 3972 3844 et
4008 3783 4308 3856 recenteS,
4355 3776 4537 3842 alteri

1245 3915 1286 3960 a
1327 3893 1673 3960 novenario
1719 3910 1985 3956 numero
2027 3890 2453 3969 deducenteS,
2493 3891 2673 3969 alteri
2717 3911 2758 3956 a
2797 3892 3098 3957 novitate.
3180 3894 3380 3972 atque
3425 3890 3798 3955 novensides
3843 3889 3927 3953 nil
3969 3907 4106 3951 esse
4145 3886 4264 3951 nisi
4306 3903 4534 3949 novem

1250 4002 1402 4066 deos
1457 4019 1586 4064 una
1646 3998 2043 4063 considentes
2099 3997 2561 4081 (Noun-sussen)
2620 3998 2901 4081 plerique
2956 3998 3347 4079 existimant,
3398 4001 3680 4063 veterum
3740 3994 4040 4080 (quorum
4091 3993 4319 4076 placita
4362 4010 4537 4057 com-

1488 4188 1541 4257 1)
1577 4187 1745 4242 Miror
1780 4203 2035 4242 numeros
2070 4203 2179 4243 non
2208 4187 2432 4258 agnosci
2463 4204 2498 4242 a
2531 4186 2944 4255 recentioribus,
2980 4204 3103 4243 cnm
3133 4202 3310 4241 sermo
3334 4184 3621 4241 sublimior
3642 4185 4011 4253 fragmentum
4039 4180 4313 4252 poeticum
4343 4179 4539 4249 prodat

1248 4275 1648 4344 rhythmusque
1704 4273 1968 4329 facillime
2015 4273 2238 4329 restitui
2284 4273 2458 4343 possit
2505 4272 2583 4328 sic
2630 4274 2773 4329 fere:
2821 4272 3220 4344 spondeo[que]
3260 4272 3397 4328 melo
3438 4272 3662 4343 patrios
3701 4270 3991 4342 placaret!
4022 4267 4301 4338 indigetes.
4391 4265 4537 4319 inter

1247 4360 1521 4416 Ennianas
1559 4359 1822 4428 reliquias
1859 4376 2046 4415 versus
2083 4360 2222 4415 bene
2258 4376 2317 4416 se
2354 4358 2604 4429 adplicat
2637 4359 2708 4413 ad
2745 4358 3030 4414 annalium
3070 4358 3197 4412 libri
3239 4358 3287 4412 lI
3320 4358 3633 4428 fragmenta
3670 4358 3737 4411 78
3770 4373 3889 4424 sqq.
3926 4356 4009 4411 ed.
4051 4353 4243 4409 Baehr.

1489 4452 1545 4522 2)
1596 4452 1749 4509 Inter
1775 4453 1998 4524 pomos
2032 4454 2091 4523 et
2123 4451 2394 4522 indigetes
2428 4453 2708 4523 virgulam
2746 4469 2854 4508 non
2890 4468 3007 4508 esse
3046 4451 3355 4522 ponendam
3402 4452 3566 4506 docet
3602 4466 3788 4505 versus
3823 4467 3858 4504 a
3897 4447 4156 4503 Diomede
4191 4445 4351 4501 citati
4389 4460 4536 4499 com-

1246 4538 1493 4610 parati03
1538 4539 1632 4594 sed
1687 4538 1881 4594 falsam
1931 4538 2339 4596 distinctionem
2391 4538 2501 4593 iam
2542 4539 2902 4610 Symmachus
2948 4537 3134 4605 novit,
3183 4535 3280 4606 qui
3330 4554 3514 4591 versus
3553 4533 3857 4607 Vergiliani
3909 4549 4112 4591 memor
4158 4531 4242 4585 ita
4286 4528 4535 4599 loquitur

1245 4625 1425 4693 (relat.
1462 4625 1598 4689 3‚10
1634 4643 1685 4696 p.
1722 4625 1913 4689 282,11
1955 4625 2175 4696 Seeck):
2215 4642 2343 4696 erqo
2385 4625 2496 4680 diis
2524 4628 2747 4696 patriis,
2783 4625 2894 4681 diis
2927 4624 3257 4694 indigetibus
3292 4640 3481 4695 pacem
3519 4640 3793 4693 roqamus.

1483 4712 1538 4779 3)
1574 4711 1759 4766 Fuisse
1794 4711 1889 4781 qui
1920 4711 2248 4768 Graecorum
2286 4712 2561 4784 δαίμονας
2593 4710 2768 4766 latine
2804 4728 2901 4781 per
2937 4727 3124 4766 vocem
3161 4709 3424 4780 indique-s
3456 4710 3747 4765 redderent
3772 4725 3803 4763 e
3833 4703 4106 4761 Macrobio
4143 4698 4532 4774 (Somn.19,7)

1245 4799 1532 4864 discimus,
1585 4797 1679 4853 ubi
1726 4816 1911 4852 versus
1948 4797 2248 4853 Hesiodeus
2284 4799 2395 4869 (op.
2436 4799 2557 4868 122)
2599 4799 2684 4852 τοὶ
2716 4797 2825 4871 μὲν
2859 4798 3122 4871 δαίμονές
3156 4796 3264 4852 εἰσι
3301 4792 3436 4857 Διὸς
3470 4793 3723 4869 μεγάλου
3759 4788 3854 4847 διὰ
3889 4787 4088 4862 βουλάς
4127 4790 4208 4845 ita
4244 4803 4538 4843 conversus

1244 4884 1479 4955 legitur:
1519 4884 1787 4954 indigetes
1820 4884 1941 4941 divi
1968 4887 2099 4954 sato
2135 4886 2333 4941 summi
2367 4886 2520 4941 Iovis
2555 4886 2616 4941 hi
2649 4892 2791 4942 sunt.

1477 4972 1533 5039 4)
1570 4970 1660 5027 Sic
1698 4972 1908 5040 accipio
1941 4972 2087 5041 quod
2127 4971 2185 5026 in
2224 4971 2381 5026 fastis
2412 4969 2759 5026 vallensibus
2786 4969 3148 5025 Amiterninis
3183 4969 3443 5025 Allifanis
3480 4967 3552 5022 ad
3587 4964 3728 5021 diem
3763 4963 3842 5019 VI
3875 4964 3965 5019 vel
3993 4961 4045 5016 V
4082 4962 4159 5017 Id.
4190 4963 4328 5031 Aug.
4364 4958 4537 5014 adno-

1244 5062 1400 5112 tatur
1451 5058 1644 5128 Souis)
1693 5058 1947 5129 indiqitis
1980 5060 2039 5112 in
2076 5059 2212 5112 colle
2254 5058 2541 5128 Quiritiale
2575 5058 2907 5127 sacrficium
2938 5058 3240 5128 publicum
3293 5056 3465 5125 vulgo
3501 5053 3680 5109 Solem
3719 5050 4011 5122 indigitem
4055 5064 4152 5119 pro
4190 5046 4316 5102 Sole
4355 5043 4538 5101 indice

1243 5145 1456 5202 habent
1490 5145 1821 5201 Graecorum
1856 5143 2148 5201 Herculem
2185 5139 2441 5219 μηνυτὴν
2476 5147 2873 5213 comparantes.

1481 5231 1538 5301 5)
1578 5231 1655 5287 De
1691 5231 1776 5288 bis
1813 5232 2003 5287 formis
2039 5231 2161 5287 vide
2203 5233 2338 5287 Mar.
2375 5230 2641 5287 Victoria.
2676 5251 2730 5304 p.
2767 5230 2926 5295 26,1;
2974 5229 3043 5286 cf.
3077 5228 3285 5285 Jordan
3324 5227 3477 5285 Krit.
3513 5227 3686 5283 Beitr.
3728 5242 3775 5294 p.
3811 5225 3896 5279 45.
3968 5222 4027 5277 1⁴2.
4063 5220 4355 5277 Seelmann
4394 5217 4541 5273 Aus-

1243 5320 1478 5391 sprache
1511 5318 1606 5377 des
1642 5319 1846 5376 Latein
1884 5337 1938 5391 p.
1974 5319 2093 5375 310.
