5100 6625
2135 714 2220 784 lX

528 898 831 965 sacellum
876 897 1060 964 fuisse
1094 895 1282 962 docet
1325 895 1519 963 Macr.
1557 897 1622 962 S.
1667 897 1692 962 1
1736 898 1830 975 12,
1875 897 1948 963 31
1997 929 2078 946 -·-
2121 899 2463 965 constituta
2506 900 2722 976 tuerit3
2773 901 2970 967 immo
3024 903 3162 986 ipsa
3220 903 3382 969 ratio
3443 903 3630 967 docet
3670 920 3822 966 cum

527 1005 827 1071 Merkelio
863 1003 1135 1100 (prokg.
1172 1003 1257 1069 ad
1292 1002 1479 1069 Ovid.
1515 1004 1654 1069 fast.
1698 1023 1763 1087 p.
1790 1003 2033 1087 CXCV)
2075 1005 2357 1088 singulas
2398 1024 2543 1073 aras
2583 1007 3036 1090 intellegendas
3071 1027 3212 1075 esse
3249 1008 3522 1075 alteram
3555 1008 3824 1092 publicis

527 1114 793 1178 alteram
846 1111 1213 1177 adventiciis
1255 1110 1355 1175 dis
1394 1110 1775 1177 dedicatam.
1858 1131 2006 1177 cum
2050 1131 2203 1178 vero
2246 1113 2478 1197 publici
2534 1117 2601 1180 et
2655 1114 2990 1181 adventicii
3032 1116 3096 1181 di
3146 1135 3278 1182 non
3332 1119 3506 1180 recte
3548 1115 3712 1181 inter
3748 1136 3820 1181 se

526 1223 937 1304 opponantur
975 1249 1058 1263 —·-
1098 1235 1251 1281 nam
1287 1216 1620 1283 adventicii
1657 1237 1913 1303 quoque
1950 1219 2199 1302 publice
2236 1221 2535 1286 coluntur
2574 1256 2655 1269 -
2698 1223 2970 1307 suspicio
3006 1221 3312 1299 oboritur,
3354 1222 3822 1288 Tertullianum

529 1327 788 1392 nomina
832 1323 1155 1407 quaedam
1204 1323 1490 1389 obsoleta
1530 1324 1740 1390 minus
1780 1329 1931 1407 apte
1986 1325 2383 1409 interpretari
2425 1359 2507 1372 ·-·
2550 1328 2727 1393 sicuti
2774 1329 3163 1411 Augustinus
3222 1329 3328 1410 (de
3383 1347 3441 1393 c.
3479 1328 3541 1393 d.
3584 1329 3662 1393 Ill
3709 1330 3818 1405 Ως

529 1434 604 1498 ef.
659 1429 711 1495 11
775 1431 869 1495 14.
911 1428 1173 1494 Tertull.
1233 1430 1400 1513 apol.
1463 1431 1571 1510 25)
1634 1431 1799 1495 idem
1865 1429 2201 1497 discrimen
2262 1432 2549 1498 indicans
2605 1435 2944 1518 indiyenas
2999 1443 3054 1500 et
3107 1437 3503 1519 alieniyenas
3543 1436 3694 1502 dicit
3738 1470 3812 1484 ·-·

526 1556 834 1621 aramque
878 1537 1070 1616 illam,
1111 1555 1305 1621 quam
1360 1537 1421 1602 in
1468 1537 1759 1604 Palatino
1814 1539 2003 1603 fuisse
2054 1539 2161 1616 ait,
2219 1539 2313 1604 dis
2371 1540 2751 1622 indigetibus
2792 1542 3067 1609 dicatam
3128 1544 3336 1623 fuisse,
3395 1544 3665 1609 alteram
3720 1544 3817 1608 dis

528 1645 999 1726 novensidibus,
1037 1644 1149 1728 qui
1192 1649 1363 1710 recte
1402 1644 1735 1710 adventicii
1779 1644 2201 1728 explicantur:
2242 1646 2429 1712 tertia
2469 1648 2657 1730 igitur
2699 1648 2857 1714 haec
2901 1650 3314 1715 novensidum
3373 1649 3641 1715 deorum
3698 1669 3811 1715 ara

528 1752 1009 1819 Caelimontana
1045 1752 1374 1818 accesserit
1416 1751 1609 1818 titulis
1651 1751 1917 1817 Marsico
1959 1755 2022 1817 et
2059 1752 2415 1819 Pisaurensi
2458 1754 2542 1834 (ν.
2585 1773 2782 1838 supra
2823 1775 2886 1838 p.
2923 1755 3019 1836 II).

2129 2051 2203 2119 Π

770 2192 1147 2260 Continetur
1186 2213 1339 2277 ergo
1381 2194 1731 2277 indigetum
1769 2199 1831 2260 et
1872 2194 2290 2261 novensidum
2334 2195 2602 2260 deorum
2648 2194 3012 2260 nominibus
3054 2197 3237 2259 θεῶν
3276 2194 3705 2277 αὐτοχθόνων
3748 2202 3813 2264 et

522 2299 921 2365 νεοπολιτόν
961 2301 1295 2367 discrimen
1331 2302 1394 2366 in
1428 2320 1608 2367 sacro
1636 2301 2081 2367 Romanorum
2120 2304 2253 2368 iure
2286 2320 2417 2367 non
2452 2302 2664 2366 minus
2695 2303 3127 2384 memorabile,
3170 2323 3363 2387 quam
3398 2305 3812 2387 patriciorum

523 2408 847 2493 plebisque
888 2409 955 2474 in
996 2409 1269 2492 publico.
1350 2409 1479 2473 iam
1523 2427 1673 2475 vero
1716 2409 1915 2474 altera
1959 2427 2165 2492 eaque
2207 2409 2581 2490 gravissima
2619 2427 2687 2474 se
2729 2408 2913 2474 offert
2951 2411 3239 2493 quaestio
3259 2461 3275 2492 ,
3318 2412 3426 2494 qui
3472 2412 3536 2477 di
3580 2411 3813 2478 fuerint

525 2517 845 2599 indigetes,
887 2516 999 2600 qui
1039 2515 1435 2594 novensideS,
1480 2519 1596 2581 aut
1639 2515 1846 2599 potius
1885 2515 2148 2598 quando
2193 2515 2541 2598 indigetum
2578 2515 2840 2581 deorum
2885 2535 3225 2582 numerum
3268 2520 3401 2581 tam
3444 2518 3806 2584 absolutum

521 2630 715 2708 atque
744 2623 1127 2706 completum
1156 2622 1585 2689 esseRomani
1616 2622 1993 2700 censuerint,
2029 2626 2100 2688 ut
2123 2623 2231 2706 qui
2262 2626 2481 2706 postea
2513 2622 2980 2706 recipiebantur
2999 2623 3084 2701 di,
3121 2643 3229 2688 eos
3257 2643 3374 2706 pro
3399 2624 3811 2709 adscripticiis

521 2731 849 2797 haberent.
933 2748 1083 2794 nam
1129 2747 1337 2812 neque
1368 2730 1502 2812 ipsa
1532 2729 1685 2795 urbs
1724 2730 1936 2795 Roma
1966 2749 2097 2795 uno
2125 2730 2248 2808 die,
2289 2734 2363 2796 ut
2402 2730 2603 2811 aiunt,
2643 2730 2976 2795 aedificata
3018 2734 3112 2796 est
3158 2750 3367 2814 neque
3396 2731 3804 2814 patriciorum

522 2843 745 2922 gentes
801 2856 1022 2903 omnes
1081 2871 1161 2884 —-
1219 2840 1282 2902 et
1327 2855 1409 2902 ne
1449 2838 1721 2902 maiores
1756 2836 2014 2920 quidem
2062 2855 2230 2920 quae
2271 2837 2669 2903 vocabantur
2708 2857 2931 2903 omnes
2975 2869 3051 2884 ——-
3095 2838 3320 2904 eodem
3380 2842 3666 2921 tempore
3724 2838 3808 2902 ad

520 2946 886 3011 Romanam
945 2944 1263 3010 civitatem
1321 2944 1725 3009 condendam
1787 2943 2074 3008 coierunt
2132 2962 2340 3027 neque
2382 2944 2590 3027 patria
2635 2943 2921 3022 numina,
2967 2963 3135 3028 quae
3173 2964 3421 3027 semper
3462 2944 3632 3010 culta
3674 2964 3808 3009 esse

523 3050 825 3134 posterior
889 3054 1066 3115 aetas
1127 3050 1456 3128 credebat,
1517 3051 1732 3115 omnia
1787 3050 2079 3133 primitus
2136 3052 2479 3116 constituta
2542 3051 2732 3116 fuisse
2793 3056 3070 3134 possunt.
3184 3051 3377 3116 immo
3435 3051 3614 3116 sicuti
3672 3049 3808 3134 ipsa

522 3159 676 3223 urbs
725 3178 765 3224 a
808 3157 1053 3223 Palatio
1102 3157 1428 3241 paullatim
1480 3158 1854 3223 adcrescens
1898 3157 2133 3222 vicinos
2186 3161 2434 3222 montes
2478 3156 2716 3222 Veliam
2760 3157 3069 3242 Esqmlias
3112 3154 3390 3222 Caelium
3437 3159 3807 3241 occupavit,

522 3266 727 3332 donec
787 3265 873 3331 ad
933 3269 1284 3331 extremum
1349 3264 1654 3349 oppidum
1713 3264 1774 3329 in
1842 3263 2147 3343 Quirinali
2210 3263 2631 3348 Viminalique
2692 3264 2956 3330 collibus
3014 3265 3425 3330 constitutum
3483 3264 3601 3330 sibi
3655 3284 3809 3331 con-

522 3374 837 3456 iungeret,
912 3373 1001 3438 ita
1069 3377 1133 3438 et
1205 3372 1614 3457 patriciorum
1680 3376 1900 3454 gentes
1968 3375 2033 3438 et
2092 3372 2355 3439 numina
2427 3392 2544 3456 pro
2603 3372 2820 3455 patriis
2888 3371 3056 3437 culta
3135 3372 3198 3437 in
3269 3374 3401 3437 dies
3463 3391 3803 3438 numerum

521 3500 711 3546 suum
765 3480 1012 3545 auxisse
1067 3481 1358 3562 putanda
1409 3484 1577 3544 sunt.
1676 3481 1788 3545 sed
1851 3485 2022 3546 certo
2066 3481 2364 3563 temporis
2419 3483 2656 3562 puncto
2699 3483 2766 3544 et
2805 3479 3028 3544 urbem
3075 3480 3360 3561 pomerio
3404 3480 3493 3544 ita
3535 3480 3804 3545 circum·

519 3589 934 3670 scripserunt,
993 3590 1064 3651 ut
1110 3606 1278 3670 quae
1334 3591 1558 3669 postea
1615 3587 1850 3671 oppido
1904 3587 2297 3652 adderentur
2351 3589 2414 3651 et
2466 3585 2568 3651 vel
2623 3586 2955 3650 moenibus
3007 3585 3454 3651 clauderentur
3497 3587 3803 3668 regiones,

518 3695 810 3778 quamvis
861 3713 901 3759 a
956 3693 1195 3759 civibus
1229 3693 1538 3759 Romanis
1593 3693 2066 3773 habitarentur,
2121 3698 2302 3758 extra
2362 3691 2479 3757 hos
2532 3710 2746 3756 sacros
2804 3693 3103 3757 terminos
3157 3694 3526 3758 conlocatae
3585 3712 3805 3758 mane·

517 3805 694 3880 rent,
756 3806 819 3867 et
880 3802 1045 3866 cives
1103 3819 1321 3866 recens
1380 3804 1701 3883 receptos,
1758 3800 1871 3865 etsi
1934 3800 2123 3883 pleno
2179 3800 2446 3865 civitatis
2502 3801 2638 3865 iure
2702 3799 3081 3878 utebantur,
3154 3819 3282 3865 non
3345 3799 3636 3882 patribus
3687 3800 3800 3864 sed

518 3907 721 3991 plebei
807 3907 1359 3986 adjudicaverunt,
1428 3911 1490 3972 et
1546 3907 1700 3972 deos
1769 3927 2001 3986 novos,
2081 3908 2312 3991 quibus
2375 3909 2439 3972 in
2507 3907 2765 3992 reliquis
2838 3907 3064 3973 eadem
3143 3907 3285 3972 iura
3366 3907 3801 3972 concedebant

519 4034 689 4100 quae
731 4015 966 4099 patriis,
1025 4034 1102 4079 ea
1139 4018 1392 4079 tantum
1435 4014 1573 4096 lege
1612 4018 2007 4097 receperunt,
2062 4018 2132 4081 ut
2186 4032 2397 4097 neque
2447 4015 2734 4098 proprias
2779 4013 2963 4080 ferias
3005 4014 3092 4078 eis
3136 4014 3519 4091 dedicarent,
3582 4013 3800 4097 quales

516 4123 732 4205 priscis
777 4123 871 4186 ctis
908 4121 1279 4202 tribuerant,
1319 4141 1531 4205 neque
1566 4121 1629 4185 in
1672 4140 1892 4187 eorum
1921 4122 2244 4187 servitium
2287 4121 2784 4187 sacerdotiorum
2815 4142 2876 4205 p.
2912 4121 2992 4186 R.
3030 4121 3422 4204 publicorum
3457 4139 3794 4185 numerum

517 4228 1005 4311 amplificarent:
1067 4247 1219 4293 nam
1274 4232 1337 4293 et
1396 4229 1688 4293 feriarum
1744 4227 2084 4294 laterculus
2141 4232 2204 4292 et
2260 4229 2419 4294 ordo
2478 4228 2885 4294 sacerdotum
2941 4228 3383 4293 Romanorum
3450 4246 3652 4310 usque
3713 4227 3794 4291 ad

518 4332 809 4400 Caesaris
848 4334 1246 4418 Augustique
1289 4337 1561 4400 aetatem
1608 4334 1844 4400 nullam
1900 4336 2175 4419 perpessi
2229 4341 2380 4402 sunt
2426 4340 2541 4403 aut
2597 4335 3018 4401 mutationem
3061 4339 3174 4401 aut
3224 4335 3798 4418 amplificationem,

515 4446 577 4507 et
621 4445 938 4525 quotquot
979 4441 1213 4506 liberae
1248 4441 1628 4524 reipublicae
1668 4443 2058 4525 temporibus
2100 4443 2332 4527 recepti
2373 4447 2521 4508 sunt
2565 4444 2659 4520 di,
2718 4460 2940 4508 eorum
2983 4460 3065 4507 ne
3114 4460 3280 4507 unus
3320 4442 3573 4525 quidem
3621 4442 3683 4506 in
3729 4440 3798 4505 iis

516 4550 726 4615 locum
773 4547 1028 4613 invenit.
1111 4548 1237 4613 iam
1293 4566 1445 4613 vero
1486 4548 1776 4613 tabulam
1818 4550 2119 4615 feriarum
2176 4556 2239 4614 et
2289 4550 2786 4616 sacerdotiorum
2847 4548 3313 4614 ordinationem
3356 4551 3604 4614 constat
3645 4567 3797 4614 con-

512 4659 733 4723 stituta
775 4675 910 4721 esse
952 4659 1018 4720 et
1069 4660 1220 4720 ante
1263 4673 1442 4737 reges
1495 4659 1784 4733 exactos,
1841 4676 1989 4721 cum
2040 4676 2249 4740 neque
2286 4656 2569 4740 Iuppiter
2607 4655 2679 4721 Ο.
2723 4656 2807 4721 M.
2853 4674 3064 4739 neque
3106 4655 3310 4720 Diana
3352 4656 3796 4719 Aventinensis

512 4782 660 4829 suas
685 4763 870 4828 ferias
895 4781 1124 4827 suosve
1145 4763 1501 4828 sacerdotes
1528 4762 1830 4840 habeant,
1857 4766 1922 4827 et
1944 4766 2083 4845 post
2102 4763 2407 4847 oppidum
2430 4763 2728 4829 collinum
2753 4782 2900 4829 cum
2921 4762 3339 4847 Septimontio
3366 4761 3795 4842 coniunctum,

510 4871 814 4952 quoniam
860 4868 1194 4948 Quirinum
1237 4869 1463 4946 deum,
1519 4869 1698 4934 cuius
1740 4870 1958 4952 religio
1998 4889 2253 4954 semper
2295 4869 2498 4935 haesit
2558 4870 2622 4935 in
2663 4870 2820 4936 colle
2862 4869 3208 4950 Quirinali,
3266 4872 3330 4935 et
3370 4867 3793 4949 Quirinalium

512 4975 614 5038 die
657 4974 816 5039 festo
858 4975 1157 5040 celebrari
1204 4977 1268 5040 et
1306 4975 1626 5040 flaminem
1669 4974 1908 5041 habere
1951 4976 2255 5042 videmus.
2341 4996 2491 5059 ergo
2532 4977 2627 5041 his
2671 4978 2950 5043 terminis
2990 4977 3073 5042 ad
3133 4977 3401 5041 eandem
3447 4975 3575 5041 fere
3620 4975 3792 5040 dela-

513 5080 723 5145 bimur
780 5082 1091 5157 aetatem,
1145 5100 1276 5164 qua
1318 5084 1383 5145 et
1436 5081 1587 5146 urbs
1628 5085 1930 5164 quattuor
1989 5084 2316 5167 regionum
2365 5103 2440 5149 eo
2483 5084 2770 5166 pomerio
2825 5084 3031 5149 cincta
3085 5087 3214 5162 est,
3268 5103 3399 5168 quo
3456 5101 3659 5166 usque
3708 5082 3792 5148 ad

508 5186 751 5252 Sullam
795 5187 1166 5253 dictatorem
1211 5187 1299 5253 uti
1342 5193 1774 5271 perrexerunt,
1816 5194 1883 5256 et
1922 5191 2166 5273 patricii
2209 5193 2389 5257 novis
2433 5190 2727 5273 gentibus
2767 5190 3137 5273 recipiendis
3179 5190 3398 5271 augeri
3440 5189 3794 5265 doeierunt3
